3278 5364
330 546 390 609 118

327 667 396 721 ctos
409 678 439 734 a,
453 678 491 734 n,
514 676 576 722 nec
597 659 675 724 inde
699 660 858 740 contingit
873 659 1009 740 aliquod
1024 660 1230 725 contrarium
1245 661 1302 723 bis
1319 679 1400 742 quas

325 769 589 851 praeposuimus.
613 772 707 844 Quod
723 780 832 834 autem
849 772 890 835 ab
904 774 968 834 ista
985 771 1259 835 circumferentia
1272 789 1343 835 non
1357 790 1403 835 re·

325 879 480 959 tringitur
501 880 543 943 ad
557 879 713 960 aequales
729 880 868 961 angulos
884 882 951 944 nisi
965 900 1055 945 unus
1070 882 1200 957 radius,
1217 881 1284 944 erit
1298 882 1403 945 mani·

327 989 449 1053 iestum
470 990 558 1053 siout
580 989 831 1071 explicabimus;
854 997 886 1055 et
907 1012 950 1055 no
971 992 1030 1057 flat
1049 992 1203 1056 conlusio
1227 992 1265 1054 in
1284 991 1403 1072 ligura,

327 1101 526 1164 arbitremur
546 1108 705 1181 utrosque
727 1109 867 1183 punctos
882 1121 912 1177 s,
925 1120 949 1165 n
967 1119 1039 1166 esse
1052 1120 1154 1182 super
1168 1103 1405 1165 circumferen-

327 1210 423 1286 tiam,
437 1212 480 1274 de
494 1228 562 1290 qua
575 1212 717 1274 diximus
734 1211 891 1291 possibile
907 1230 981 1276 esse
994 1212 1068 1275 fieri
1083 1211 1403 1288 reverberationem

322 1321 401 1384 etsi
416 1321 573 1401 possibile
587 1330 648 1397 est,
662 1323 888 1403 refringantur
902 1341 941 1386 ex
955 1322 1003 1386 eis
1017 1324 1084 1386 duo
1099 1323 1185 1385 radii
1197 1323 1241 1385 ad
1250 1322 1405 1402 aequales

326 1431 476 1512 angulos.
509 1433 577 1495 llrit
609 1450 687 1513 ergo
714 1433 793 1497 inde
819 1433 989 1514 proportio
1014 1451 1053 1495 ss
1083 1434 1126 1497 ad
1149 1433 1194 1497 sb
1219 1434 1308 1497 sicut
1332 1450 1406 1512 pro·

326 1543 435 1623 portio
455 1562 511 1606 am
534 1544 575 1625 ad
595 1545 669 1620 aab,
692 1545 808 1607 eterit
828 1545 995 1625 proportio
1015 1561 1063 1607 sn
1083 1544 1126 1607 ad
1144 1544 1198 1607 ab
1220 1543 1312 1607 sicut
1334 1560 1407 1623 pro·

326 1655 433 1735 portio
454 1655 490 1717 zl
512 1655 555 1719 ad
576 1655 632 1732 tlt,
652 1655 711 1718 sed
733 1656 900 1736 proportio
921 1656 960 1718 sl
982 1656 1024 1718 ad
1045 1656 1086 1718 tlt
1106 1661 1158 1718 est
1178 1654 1289 1719 maior
1303 1668 1406 1733 qnam

324 1765 491 1845 proportio
511 1784 564 1828 sm
587 1766 628 1828 ad
647 1766 727 1842 md,-
747 1766 810 1828 erit
832 1784 910 1845 ergo
924 1765 1094 1846 proportio
1108 1782 1157 1828 sn
1173 1765 1216 1829 ad
1229 1765 1285 1827 ab
1299 1764 1407 1828 maior

325 1892 428 1955 quam
449 1878 619 1958 proportio
649 1896 689 1939 ss
715 1877 757 1940 ad
782 1876 839 1950 rb,
861 1883 895 1940 et
914 1875 1128 1956 permutatim
1150 1874 1216 1939 erit
1236 1874 1406 1956 proportio

325 2005 374 2049 sn
396 1986 437 2050 ad
458 2003 498 2050 ze
518 1989 625 2050 maior
646 2004 747 2067 quam
768 1987 935 2066 proportio
954 1986 1009 2050 ab
1023 1986 1138 2061 adeb3
1151 1986 1212 2049 sed
1225 1985 1282 2047 ab
1299 1985 1408 2049 maior

324 2105 376 2161 est
395 2114 498 2177 qaam
518 2098 576 2173 sb,
597 2116 639 2162 co
661 2098 752 2177 quod
765 2105 816 2160 est
830 2088 1050 2178 propinquior
1063 2102 1179 2159 centro
1191 2096 1232 2167 d,-
1246 2096 1314 2159 erit
1327 2113 1405 2174 ergo

324 2227 371 2270 sn
392 2207 499 2271 multo
521 2209 628 2271 maior
645 2226 747 2288 quam
759 2227 813 2285 ss,
828 2208 919 2287 quod
934 2214 984 2270 est
999 2205 1223 2287 impossibile,
1240 2205 1403 2286 quoniam

324 2335 364 2381 ss
384 2319 493 2381 maior
514 2325 564 2381 est
585 2336 687 2398 quam
706 2338 769 2392 sn,
792 2317 940 2397 eoquod
962 2323 1012 2380 est
1034 2317 1254 2397 propinquior
1268 2316 1311 2378 ad
1326 2330 1404 2377 cen·

326 2437 428 2507 trum;
441 2430 513 2492 etsi
523 2428 736 2510 posuerimus
746 2447 770 2491 n
781 2428 816 2490 in
830 2435 954 2508 puncto
965 2445 993 2504 o,
1006 2433 1066 2491 etc
1080 2427 1169 2490 inter
1179 2435 1359 2508 panemos,
1371 2427 1402 2499 lt,

323 2537 410 2603 illud
429 2540 519 2619 quod
541 2540 698 2604 terminat
719 2538 1036 2613 circumferentiam,
1058 2538 1100 2601 de
1113 2554 1182 2616 qua
1195 2536 1235 2598 ut
1250 2536 1403 2599 reverbe-

327 2652 422 2725 ratio,
437 2659 487 2713 εει
499 2650 590 2712 linea
605 2666 691 2731 quae
706 2649 838 2730 copulat
847 2656 1011 2725 centrum,
1020 2656 1055 2711 et
1064 2648 1280 2712 medietatem
1291 2646 1402 2711 lineae

325 2778 412 2841 quae
434 2767 484 2823 est
503 2759 591 2824 inter
611 2768 768 2839 utrosque
789 2766 952 2840 punctos,
973 2767 1007 2821 et
1027 2758 1153 2821 lineam
1174 2744 1264 2836 queo
1287 2756 1405 2819 dividit

326 2868 503 2948 angulum,
525 2887 625 2949 quem
646 2872 710 2933 ista
731 2869 822 2932 linea
842 2871 1025 2946 subtendit,
1042 2870 1078 2931 in
1092 2868 1176 2930 duas
1190 2866 1405 2940 medietates,

325 2987 359 3044 et
380 2980 439 3059 qui
460 2998 500 3043 ex
520 2980 575 3043 bis
599 2981 797 3060 refringitur
822 2981 865 3043 ad
886 2979 1041 3059 aequales
1062 2977 1219 3059 angulos,
1240 2985 1405 3041 estuans

326 3093 439 3155 radius
462 3099 602 3181 tantum.

367 3202 450 3264 Item
472 3202 738 3265 demonstremus
758 3221 863 3279 nunc,
884 3200 975 3281 quod
996 3202 1033 3264 in
1051 3200 1209 3264 omnibns
1230 3198 1287 3265 his
1307 3216 1403 3282 prae·

325 3312 421 3375 dictis
442 3314 616 3393 speciebus
637 3312 814 3393 positionis
841 3328 973 3391 semper
993 3310 1033 3373 tlt
1051 3312 1161 3375 forma
1180 3311 1273 3375 inter
1291 3311 1405 3375 visum

326 3429 361 3485 et
387 3422 562 3503 speculum
586 3424 621 3485 in
647 3423 782 3503 proprio
811 3421 844 3485 ei
869 3420 964 3501 loco;
993 3420 1285 3503 perpendiculares
1314 3422 1405 3485 enim

325 3550 411 3613 quae
431 3534 615 3612 procedunt
635 3551 657 3595 a
676 3532 811 3613 punctis
823 3551 859 3607 s,
872 3532 914 3607 b,
937 3537 970 3594 et
986 3538 1160 3597 transeunt
1173 3549 1236 3612 per
1248 3538 1405 3595 csntmm

325 3645 364 3715 d,
393 3658 525 3723 semper
553 3649 667 3707 secant
693 3643 881 3723 oppositum
905 3641 1060 3717 radium,
1084 3642 1146 3722 qui
1167 3648 1222 3704 est
1241 3640 1325 3717 ille,
1346 3657 1406 3722 por

325 3769 427 3831 quem
448 3753 556 3817 torma
576 3752 869 3832 comprehenditur
889 3770 910 3815 a
931 3758 1024 3833 parte
1045 3751 1192 3832 speculi3
1216 3759 1253 3815 et
1271 3752 1406 3816 unirer·

324 3861 440 3929 saliter
467 3864 555 3928 cadit
582 3880 683 3942 super
709 3870 861 3927 centrum
882 3865 904 3926 d
928 3862 965 3924 in
993 3862 1178 3943 triangulo,
1199 3880 1305 3943 quem
1327 3880 1405 3925 con·

325 3974 431 4037 tinent
452 3975 512 4050 sb,
534 3980 567 4038 et
587 3973 701 4037 radius
722 3974 883 4037 retractus
903 3979 942 4035 ut
962 3971 1070 4037 buno
1091 3992 1152 4049 sn,
1172 3970 1235 4036 nb.
1262 3974 1405 4056 Apparet

325 4083 416 4145 enim
437 4085 473 4148 in
495 4083 692 4148 huiusmodi
711 4082 987 4157 reverberatione,
1008 4100 1087 4147 cum
1107 4083 1202 4147 risus
1223 4083 1331 4149 fuerit
1343 4098 1401 4165 po·
