3278 5364
276 509 294 571 8

314 617 460 679 Dicimus
482 634 571 696 ergo,
593 616 681 694 quod
702 615 794 677 visus
816 617 986 695 cognoscit
1006 633 1139 699 corpus,
1154 619 1353 716 magnitud:

276 745 373 800 nem,
397 726 560 799 colorem,
583 724 732 804 figuram,
755 725 873 800 situm,
895 732 1024 788 motum
1039 733 1072 791 31
1085 726 1246 806 quietem.
1269 729 1355 793 Nihil

276 843 386 898 autem
410 855 449 898 ex
471 836 524 898 his
547 835 715 914 cognoscit
736 834 827 897 visus
849 834 922 897 sine
945 834 1060 916 aliquo
1086 835 1199 903 lucido
1222 846 1257 903 et
1277 856 1355 920 quo·

272 944 354 1008 libet
375 942 571 1026 prohibente
593 943 872 1024 penetrationem
892 960 956 1011 nse
973 943 1163 1026 indigemus
1180 947 1258 1011 inde
1276 946 1352 1028 plns

273 1055 326 1117 his
348 1056 468 1118 dicere.
492 1052 605 1127 Qualis
628 1059 738 1116 eutem
762 1055 804 1116 sit
821 1053 953 1118 habitus
969 1055 1005 1118 in
1022 1073 1226 1137 unaqueque
1241 1060 1351 1122 reruni

274 1165 511 1238 videndarum,
534 1163 806 1227 determinandus
828 1169 887 1227 est.
909 1164 1055 1227 Dicimus
1077 1182 1155 1245 ergo
1177 1165 1353 1231 13333333-

271 1275 336 1336 hus
359 1274 496 1336 existere
518 1274 650 1348 modis,
673 1290 817 1353 quorum
840 1272 923 1335 alter
944 1274 981 1336 dt
1001 1275 1189 1337 secuudum
1211 1275 1348 1358 dispmi·

275 1384 401 1447 tionem
424 1385 473 1447 rei
494 1384 676 1460 videndae,
706 1385 787 1447 alter
807 1401 884 1447 vero
907 1383 1092 1449 secundum
1114 1391 1227 1449 aetum
1248 1387 1350 1450 visus.

236 1574 242 1583 Ι
270 1495 422 1557 Dicamus
444 1494 545 1574 igitur
566 1495 606 1557 de
629 1510 832 1574 unoquoque
855 1495 1022 1558 semotim.

313 1605 407 1666 Prius
427 1612 538 1667 antem
553 1602 754 1683 incipiemus
769 1603 955 1683 nt-en-,qni
971 1610 1023 1669 est
1037 1606 1225 1669 secundnm
1238 1605 1349 1695 dispo·

267 1714 424 1777 sitionem
446 1731 558 1777 rerum
580 1713 819 1789 videndarum,
842 1731 944 1793 quare
967 1713 1053 1778 31133
1076 1715 1231 1779 videntur
1251 1734 1347 1791 vere,

271 1824 356 1887 aliae
378 1826 486 1905 primo
510 1832 541 1887 et
566 1823 650 1887 aliae
672 1831 856 1903 sequenter.
873 1824 961 1901 Quae
984 1842 1062 1904 ergo
1084 1843 1161 1890 vere
1183 1825 1348 1902 videntur,

267 1941 345 1996 sunt
367 1932 479 1997 lucide
500 1934 623 2015 spissa;
645 1952 698 1997 res
723 1935 813 1997 enim
835 1932 923 2022 risui
944 1934 1114 1999 subiectae
1136 1934 1260 1999 debent
1274 1952 1347 2001 erse

270 2046 583 2125 quomodocumque
604 2043 745 2118 lucidae,
768 2050 827 2108 eut
842 2062 880 2108 er
894 2062 931 2108 se
945 2052 1002 2108 aut
1016 2044 1165 2123 aliunde,
1178 2046 1264 2109 cnm
1286 2045 1347 2109 hoe

268 2156 314 2215 sit
334 2155 506 2235 proprium
528 2154 651 2217 visibili
673 2155 810 2227 sensui,
839 2162 875 2218 et
893 2155 1022 2235 spissae
1042 2155 1078 2217 in
1099 2154 1287 2219 substantia
1306 2155 1347 2219 ad

268 2265 480 2329 retinendum
503 2264 623 2339 risum,
646 2271 684 2327 ut
704 2265 808 2329 virtus
825 2271 975 2344 penetret
995 2272 1102 2329 esset
1118 2283 1186 2337 333
1203 2271 1348 2331 transeat
1409 2275 1413 2279 ·

266 2375 337 2436 3133
361 2375 481 2438 effectu
502 2374 672 2437 incidenti.
697 2374 787 2441 Unde
809 2374 1015 2455 impossibile
1031 2381 1082 2438 est
1095 2373 1228 2457 aliquid
1241 2374 1344 2439 videri

268 2487 339 2547 sine
353 2484 407 2546 his
423 2485 589 2563 utrisque,
604 2502 713 2564 neque
737 2503 814 2547 cum
836 2503 904 2548 uno
927 2483 999 2577 sine
1021 2482 1136 2549 altero.
1159 2483 1222 2547 1113
1236 2491 1344 2548 eutem

266 2612 351 2682 quae
373 2595 481 2675 primo
504 2596 674 2670 videntur,
697 2603 778 2657 sunt
799 2594 941 2668 colores,
964 2594 1125 2676 quoniam
1144 2600 1217 2675 post
1231 2594 1344 2659 lumen

264 2703 350 2765 nihil
371 2704 503 2767 videtur
524 2705 614 2785 quod
636 2723 704 2769 333
727 2704 847 2768 habeat
868 2703 1037 2779 colorem,
1067 2711 1273 2793 tamennon
1293 2703 1340 2768 vi·

257 2814 388 2877 dentur
409 2831 507 2889 vere,
531 2815 612 2895 quia
633 2813 761 2877 colores
783 2813 1030 2893 quodammodo
1052 2819 1241 2895 sequuntur
1261 2794 1366 2895 spis·¹

267 2923 446 2987 situdinem
469 2941 666 3004 corporum,
688 2941 750 2987 nec
772 2924 926 2987 videntur
946 2924 1019 2987 sine
1041 2923 1184 2987 lumine.
1210 2921 1342 2989 dotores

264 3035 354 3095 enim
376 3033 412 3095 in
434 3034 581 3096 tenebris
603 3052 769 3114 nusquam
790 3033 959 3109 videntur,
981 3039 1113 3113 praeter
1132 3050 1207 3097 rem
1227 3032 1340 3115 splen·

264 3143 376 3207 didam
399 3160 476 3206 cum
498 3143 600 3206 insita
622 3143 773 3207 albedine
789 3151 823 3206 et
836 3142 932 3206 valde
946 3142 1098 3221 lenitsm3
1121 3159 1341 3225 unaquaeque

265 3254 355 3315 enim
378 3254 518 3316 istarum
540 3261 590 3316 est
606 3253 704 3315 clara.
723 3229 859 3316 'Clarum
876 3269 1008 3335 quoque
1023 3260 1073 3319 est
1088 3253 1216 3335 speeies
1228 3252 1340 3317 lucidi.

261 3362 350 3434 Quae
381 3370 491 3427 eutem
520 3370 700 3444 sequenter
727 3363 903 3441 videntur,
931 3369 1010 3427 sunt
1035 3358 1190 3429 universa
1209 3360 1338 3443 reliqua

264 3471 520 3550 praedictorum.
1013 3470 1017 3479 '

303 3584 379 3662 1333
397 3583 489 3645 enim
503 3599 643 3663 corporo
657 3584 825 3664 cognoscit
837 3583 929 3648 visus
944 3601 1002 3665 per
1015 3582 1145 3649 colores
1159 3582 1337 3657 ethabitns

261 3711 355 3774 suos;
378 3711 431 3757 res
453 3698 566 3757 autem
588 3711 674 3774 quae
691 3693 820 3759 mutem
836 3694 966 3759 nabent
985 3693 1262 3776 spissitudinem,
1282 3693 1341 3759 sed

260 3803 353 3867 valde
376 3810 494 3866 tenues
517 3809 614 3876 sunt,
637 3809 670 3865 et
691 3802 824 3867 nullum
846 3803 971 3867 habent
991 3802 1156 3880 33133333,
1179 3822 1249 3868 333
1270 3821 1341 3877 sen·

261 3913 388 3975 tiuntur
408 3931 471 3977 neo
493 3913 734 3993 dignoscuntur
756 3931 814 3994 per
835 3913 944 3977 visum
961 3931 1034 3979 esee
1048 3931 1198 3996 corpora.
1214 3915 1338 3979 Iterum

260 4023 452 4100 magnitudo
481 4030 513 4085 et
541 4022 624 4085 situs
653 4027 686 4085 et
712 4022 818 4102 figura
840 4042 907 4088 non
931 4023 1171 4104 dignoscuntur
1193 4024 1261 4089 3131
1281 4040 1339 4107 per
