<?xml version="1.0" encoding="UTF-8"?>
<!DOCTYPE html PUBLIC "-//W3C//DTD XHTML 1.0 Transitional//EN"
    "http://www.w3.org/TR/xhtml1/DTD/xhtml1-transitional.dtd">
<html xmlns="http://www.w3.org/1999/xhtml" xml:lang="en" lang="en">
 <head>
  <title>
</title>
<meta http-equiv="Content-Type" content="text/html;charset=utf-8" />
  <meta name='ocr-system' content='tesseract 3.04.00' />
  <meta name='ocr-capabilities' content='ocr_page ocr_carea ocr_par ocr_line ocrx_word'/>
</head>
<body>
  <div class='ocr_page' id='page_1' title='image "./lotticadiclaudi00eugegoog_0194.png"; bbox 0 0 3278 5364; ppageno 0'>
   <div class='ocr_carea' id='block_1_1' title="bbox 256 503 1325 4130">
    <p class='ocr_par' dir='ltr' id='par_1_1' title="bbox 1260 503 1323 568">
     <span class='ocr_line' id='line_1_1' title="bbox 1260 503 1323 568; baseline -0.032 0"><span class='ocrx_word' id='word_1_1' title='bbox 1260 503 1323 568; x_wconf 81' lang='lat' dir='ltr'><strong>tet</strong></span> 
     </span>
    </p>

    <p class='ocr_par' dir='ltr' id='par_1_2' title="bbox 258 613 1325 2911">
     <span class='ocr_line' id='line_1_2' title="bbox 260 613 1324 695; baseline 0 -18"><span class='ocrx_word' id='word_1_2' title='bbox 260 614 439 695; x_wconf 74' lang='lat' dir='ltr'><strong>pyramidis</strong></span> <span class='ocrx_word' id='word_1_3' title='bbox 460 614 601 695; x_wconf 80' lang='lat' dir='ltr'><strong>speculi,</strong></span> <span class='ocrx_word' id='word_1_4' title='bbox 625 615 742 678; x_wconf 88' lang='lat' dir='ltr'><strong>accidit</strong></span> <span class='ocrx_word' id='word_1_5' title='bbox 764 614 872 678; x_wconf 91' lang='lat' dir='ltr'><strong>simile</strong></span> <span class='ocrx_word' id='word_1_6' title='bbox 893 615 984 677; x_wconf 85' lang='lat' dir='ltr'><strong>huic.</strong></span> <span class='ocrx_word' id='word_1_7' title='bbox 1007 615 1042 676; x_wconf 87' lang='lat' dir='ltr'><strong>Si</strong></span> <span class='ocrx_word' id='word_1_8' title='bbox 1064 613 1154 676; x_wconf 90' lang='lat' dir='ltr'><strong>enim</strong></span> <span class='ocrx_word' id='word_1_9' title='bbox 1172 615 1324 694; x_wconf 76' lang='lat' dir='ltr'><strong>signave-</strong></span> 
     </span>
     <span class='ocr_line' id='line_1_3' title="bbox 258 722 1322 806; baseline 0 -20"><span class='ocrx_word' id='word_1_10' title='bbox 258 724 363 788; x_wconf 84' lang='lat' dir='ltr'><strong>rimus</strong></span> <span class='ocrx_word' id='word_1_11' title='bbox 385 722 545 788; x_wconf 90' lang='lat' dir='ltr'><strong>circulum</strong></span> <span class='ocrx_word' id='word_1_12' title='bbox 568 725 603 787; x_wconf 93' lang='lat' dir='ltr'><strong>in</strong></span> <span class='ocrx_word' id='word_1_13' title='bbox 625 723 797 806; x_wconf 84' lang='lat' dir='ltr'><strong>superficie</strong></span> <span class='ocrx_word' id='word_1_14' title='bbox 814 725 897 799; x_wconf 87' lang='lat' dir='ltr'><strong>eius,</strong></span> <span class='ocrx_word' id='word_1_15' title='bbox 913 738 944 788; x_wconf 88' lang='lat' dir='ltr'><strong>et</strong></span> <span class='ocrx_word' id='word_1_16' title='bbox 958 725 1163 803; x_wconf 84' lang='lat' dir='ltr'>posuerimus</span> <span class='ocrx_word' id='word_1_17' title='bbox 1179 722 1322 787; x_wconf 91' lang='lat' dir='ltr'><strong>colorem</strong></span> 
     </span>
     <span class='ocr_line' id='line_1_4' title="bbox 259 835 1323 916; baseline 0 -19"><span class='ocrx_word' id='word_1_18' title='bbox 259 836 330 898; x_wconf 87' lang='lat' dir='ltr'><strong>eius</strong></span> <span class='ocrx_word' id='word_1_19' title='bbox 352 835 576 916; x_wconf 86' lang='lat' dir='ltr'><strong>splendidum,</strong></span> <span class='ocrx_word' id='word_1_20' title='bbox 599 837 646 898; x_wconf 93' lang='lat' dir='ltr'><strong>ita</strong></span> <span class='ocrx_word' id='word_1_21' title='bbox 665 843 703 898; x_wconf 93' lang='lat' dir='ltr'><strong>ut</strong></span> <span class='ocrx_word' id='word_1_22' title='bbox 729 835 771 897; x_wconf 88' lang='lat' dir='ltr'><strong>sit</strong></span> <span class='ocrx_word' id='word_1_23' title='bbox 797 853 913 915; x_wconf 91' lang='lat' dir='ltr'><strong>parum</strong></span> <span class='ocrx_word' id='word_1_24' title='bbox 934 835 1042 898; x_wconf 90' lang='lat' dir='ltr'><strong>maior</strong></span> <span class='ocrx_word' id='word_1_25' title='bbox 1063 853 1163 915; x_wconf 91' lang='lat' dir='ltr'><strong>quam</strong></span> <span class='ocrx_word' id='word_1_26' title='bbox 1180 835 1323 898; x_wconf 89' lang='lat' dir='ltr'><strong>circulus</strong></span> 
     </span>
     <span class='ocr_line' id='line_1_5' title="bbox 258 945 1323 1027; baseline 0.001 -20"><span class='ocrx_word' id='word_1_27' title='bbox 258 945 345 1007; x_wconf 87' lang='lat' dir='ltr'><strong>basis</strong></span> <span class='ocrx_word' id='word_1_28' title='bbox 368 946 558 1027; x_wconf 76' lang='lat' dir='ltr'><strong>pyramidis,</strong></span> <span class='ocrx_word' id='word_1_29' title='bbox 581 953 612 1008; x_wconf 93' lang='lat' dir='ltr'><strong>et</strong></span> <span class='ocrx_word' id='word_1_30' title='bbox 633 947 838 1025; x_wconf 87' lang='lat' dir='ltr'><strong>posuerimus</strong></span> <span class='ocrx_word' id='word_1_31' title='bbox 860 946 1007 1009; x_wconf 85' lang='lat' dir='ltr'><strong>medium</strong></span> <span class='ocrx_word' id='word_1_32' title='bbox 1028 946 1099 1008; x_wconf 88' lang='lat' dir='ltr'><strong>cius</strong></span> <span class='ocrx_word' id='word_1_33' title='bbox 1121 963 1218 1026; x_wconf 91' lang='lat' dir='ltr'><strong>super</strong></span> <span class='ocrx_word' id='word_1_34' title='bbox 1238 962 1323 1024; x_wconf 91' lang='lat' dir='ltr'><strong>pun-</strong></span> 
     </span>
     <span class='ocr_line' id='line_1_6' title="bbox 259 1055 1323 1138; baseline 0.001 -21"><span class='ocrx_word' id='word_1_35' title='bbox 259 1063 349 1119; x_wconf 91' lang='lat' dir='ltr'><strong>ctum</strong></span> <span class='ocrx_word' id='word_1_36' title='bbox 370 1056 390 1117; x_wconf 81' lang='lat' dir='ltr'><strong><em>d</em></strong></span> <span class='ocrx_word' id='word_1_37' title='bbox 412 1055 561 1137; x_wconf 80' lang='lat' dir='ltr'>diligenti</span> <span class='ocrx_word' id='word_1_38' title='bbox 587 1056 861 1138; x_wconf 79' lang='lat' dir='ltr'><strong>perscrutatione,</strong></span> <span class='ocrx_word' id='word_1_39' title='bbox 885 1064 917 1120; x_wconf 90' lang='lat' dir='ltr'><strong>et</strong></span> <span class='ocrx_word' id='word_1_40' title='bbox 939 1056 1157 1137; x_wconf 83' lang='lat' dir='ltr'><strong>aspexerimus</strong></span> <span class='ocrx_word' id='word_1_41' title='bbox 1179 1073 1199 1118; x_wconf 89' lang='lat' dir='ltr'><strong>a</strong></span> <span class='ocrx_word' id='word_1_42' title='bbox 1219 1056 1323 1136; x_wconf 90' lang='lat' dir='ltr'><strong>capite</strong></span> 
     </span>
     <span class='ocr_line' id='line_1_7' title="bbox 260 1165 1323 1246; baseline -0.002 -19"><span class='ocrx_word' id='word_1_43' title='bbox 260 1167 438 1246; x_wconf 76' lang='lat' dir='ltr'><strong>pyramidis</strong></span> <span class='ocrx_word' id='word_1_44' title='bbox 453 1166 633 1229; x_wconf 90' lang='lat' dir='ltr'><strong>secundum</strong></span> <span class='ocrx_word' id='word_1_45' title='bbox 649 1167 862 1230; x_wconf 86' lang='lat' dir='ltr'><strong>directionem</strong></span> <span class='ocrx_word' id='word_1_46' title='bbox 875 1167 953 1241; x_wconf 82' lang='lat' dir='ltr'><strong>axis,</strong></span> <span class='ocrx_word' id='word_1_47' title='bbox 966 1166 1085 1230; x_wconf 87' lang='lat' dir='ltr'><strong>accidit</strong></span> <span class='ocrx_word' id='word_1_48' title='bbox 1093 1165 1209 1244; x_wconf 89' lang='lat' dir='ltr'><strong>utique</strong></span> <span class='ocrx_word' id='word_1_49' title='bbox 1220 1165 1323 1228; x_wconf 87' lang='lat' dir='ltr'><strong>videri</strong></span> 
     </span>
     <span class='ocr_line' id='line_1_8' title="bbox 259 1276 1323 1358; baseline -0.002 -20"><span class='ocrx_word' id='word_1_50' title='bbox 259 1276 428 1352; x_wconf 87' lang='lat' dir='ltr'><strong>circulum,</strong></span> <span class='ocrx_word' id='word_1_51' title='bbox 452 1279 508 1356; x_wconf 91' lang='lat' dir='ltr'><strong>qui</strong></span> <span class='ocrx_word' id='word_1_52' title='bbox 530 1277 675 1358; x_wconf 83' lang='lat' dir='ltr'><strong>signatus</strong></span> <span class='ocrx_word' id='word_1_53' title='bbox 699 1285 748 1340; x_wconf 89' lang='lat' dir='ltr'><strong>est</strong></span> <span class='ocrx_word' id='word_1_54' title='bbox 763 1284 851 1340; x_wconf 87' lang='lat' dir='ltr'><strong>extra</strong></span> <span class='ocrx_word' id='word_1_55' title='bbox 866 1277 987 1341; x_wconf 88' lang='lat' dir='ltr'><strong>basem.</strong></span> <span class='ocrx_word' id='word_1_56' title='bbox 1013 1279 1086 1339; x_wconf 80' lang='lat' dir='ltr'><strong>Esto</strong></span> <span class='ocrx_word' id='word_1_57' title='bbox 1100 1276 1200 1356; x_wconf 85' lang='lat' dir='ltr'><strong>igitur</strong></span> <span class='ocrx_word' id='word_1_58' title='bbox 1212 1277 1323 1357; x_wconf 89' lang='lat' dir='ltr'><strong>ipsum</strong></span> 
     </span>
     <span class='ocr_line' id='line_1_9' title="bbox 259 1387 1322 1469; baseline 0.001 -20"><span class='ocrx_word' id='word_1_59' title='bbox 259 1387 428 1468; x_wconf 87' lang='lat' dir='ltr'><strong>speculum</strong></span> <span class='ocrx_word' id='word_1_60' title='bbox 443 1389 508 1468; x_wconf 80' lang='lat' dir='ltr'><strong>obp</strong></span> <span class='ocrx_word' id='word_1_61' title='bbox 525 1387 587 1467; x_wconf 61' lang='grc' dir='ltr'><strong>(ᾖς.</strong></span> <span class='ocrx_word' id='word_1_62' title='bbox 602 1389 654 1463; x_wconf 81' lang='grc'><strong>75)</strong></span> <span class='ocrx_word' id='word_1_63' title='bbox 675 1395 707 1451; x_wconf 88' lang='lat' dir='ltr'><strong>et</strong></span> <span class='ocrx_word' id='word_1_64' title='bbox 725 1388 792 1452; x_wconf 82' lang='lat' dir='ltr'><strong>axis</strong></span> <span class='ocrx_word' id='word_1_65' title='bbox 810 1389 881 1451; x_wconf 88' lang='lat' dir='ltr'><strong>eius</strong></span> <span class='ocrx_word' id='word_1_66' title='bbox 898 1391 955 1462; x_wconf 82' lang='lat' dir='ltr'><strong>od,</strong></span> <span class='ocrx_word' id='word_1_67' title='bbox 971 1389 1007 1450; x_wconf 83' lang='lat' dir='ltr'><strong>&#39;et</strong></span> <span class='ocrx_word' id='word_1_68' title='bbox 1023 1387 1243 1469; x_wconf 78' lang='lat' dir='ltr'><strong>producantur</strong></span> <span class='ocrx_word' id='word_1_69' title='bbox 1260 1387 1322 1450; x_wconf 81' lang='lat' dir='ltr'><strong>doe</strong></span> 
     </span>
     <span class='ocr_line' id='line_1_10' title="bbox 260 1496 1324 1578; baseline -0.001 -17"><span class='ocrx_word' id='word_1_70' title='bbox 260 1499 378 1577; x_wconf 77' lang='lat' dir='ltr'><strong>et-bpz</strong></span> <span class='ocrx_word' id='word_1_71' title='bbox 398 1505 431 1562; x_wconf 87' lang='lat' dir='ltr'><strong>et</strong></span> <span class='ocrx_word' id='word_1_72' title='bbox 451 1500 531 1578; x_wconf 77' lang='lat' dir='ltr'><strong>oph,</strong></span> <span class='ocrx_word' id='word_1_73' title='bbox 555 1500 660 1578; x_wconf 82' lang='lat' dir='ltr'><strong>sitque</strong></span> <span class='ocrx_word' id='word_1_74' title='bbox 681 1499 769 1562; x_wconf 90' lang='lat' dir='ltr'><strong>visus</strong></span> <span class='ocrx_word' id='word_1_75' title='bbox 787 1517 802 1560; x_wconf 85' lang='lat' dir='ltr'><strong>c</strong></span> <span class='ocrx_word' id='word_1_76' title='bbox 824 1506 855 1562; x_wconf 89' lang='lat' dir='ltr'><strong>et</strong></span> <span class='ocrx_word' id='word_1_77' title='bbox 875 1517 929 1562; x_wconf 90' lang='lat' dir='ltr'><strong>res</strong></span> <span class='ocrx_word' id='word_1_78' title='bbox 946 1498 1134 1572; x_wconf 73' lang='lat' dir='ltr'><strong>videndas,</strong></span> <span class='ocrx_word' id='word_1_79' title='bbox 1154 1504 1187 1561; x_wconf 89' lang='lat' dir='ltr'><strong>et</strong></span> <span class='ocrx_word' id='word_1_80' title='bbox 1207 1496 1324 1560; x_wconf 82' lang='lat' dir='ltr'><strong>refrin-</strong></span> 
     </span>
     <span class='ocr_line' id='line_1_11' title="bbox 259 1575 1323 1689; baseline -0.003 -16"><span class='ocrx_word' id='word_1_81' title='bbox 259 1616 353 1688; x_wconf 85' lang='lat' dir='ltr'><strong>gatur</strong></span> <span class='ocrx_word' id='word_1_82' title='bbox 366 1609 477 1672; x_wconf 87' lang='lat' dir='ltr'><strong>radius</strong></span> <span class='ocrx_word' id='word_1_83' title='bbox 491 1627 530 1673; x_wconf 90' lang='lat' dir='ltr'><strong>ex</strong></span> <span class='ocrx_word' id='word_1_84' title='bbox 543 1610 596 1671; x_wconf 80' lang='lat' dir='ltr'><strong>liis</strong></span> <span class='ocrx_word' id='word_1_85' title='bbox 613 1610 669 1688; x_wconf 93' lang='lat' dir='ltr'><strong>qui</strong></span> <span class='ocrx_word' id='word_1_86' title='bbox 682 1610 863 1689; x_wconf 87' lang='lat' dir='ltr'><strong>procedunt</strong></span> <span class='ocrx_word' id='word_1_87' title='bbox 878 1609 917 1671; x_wconf 86' lang='lat' dir='ltr'><strong>ab</strong></span> <span class='ocrx_word' id='word_1_88' title='bbox 929 1627 943 1670; x_wconf 87' lang='lat' dir='ltr'><strong>c</strong></span> <span class='ocrx_word' id='word_1_89' title='bbox 958 1607 1028 1670; x_wconf 78' lang='lat' dir='ltr'><strong>ads</strong></span> <span class='ocrx_word' id='word_1_90' title='bbox 1043 1607 1084 1671; x_wconf 83' lang='lat' dir='ltr'><strong>ad</strong></span> <span class='ocrx_word' id='word_1_91' title='bbox 1098 1575 1251 1687; x_wconf 75' lang='lat' dir='ltr'><strong>aequales⁸</strong></span> <span class='ocrx_word' id='word_1_92' title='bbox 1266 1623 1323 1670; x_wconf 84' lang='lat' dir='ltr'><strong>an·</strong></span> 
     </span>
     <span class='ocr_line' id='line_1_12' title="bbox 260 1716 1323 1800; baseline 0 -19"><span class='ocrx_word' id='word_1_93' title='bbox 260 1717 365 1797; x_wconf 81' lang='lat' dir='ltr'><strong>gulos,</strong></span> <span class='ocrx_word' id='word_1_94' title='bbox 376 1726 413 1781; x_wconf 90' lang='lat' dir='ltr'><strong>ut</strong></span> <span class='ocrx_word' id='word_1_95' title='bbox 426 1730 474 1795; x_wconf 83' lang='lat' dir='ltr'><strong>at,</strong></span> <span class='ocrx_word' id='word_1_96' title='bbox 491 1730 541 1795; x_wconf 77' lang='lat' dir='ltr'><strong>tr,</strong></span> <span class='ocrx_word' id='word_1_97' title='bbox 559 1726 592 1783; x_wconf 91' lang='lat' dir='ltr'><strong>et</strong></span> <span class='ocrx_word' id='word_1_98' title='bbox 605 1719 810 1800; x_wconf 84' lang='lat' dir='ltr'><strong>protrahatur</strong></span> <span class='ocrx_word' id='word_1_99' title='bbox 824 1722 869 1782; x_wconf 77' lang='lat' dir='ltr'><strong>ah</strong></span> <span class='ocrx_word' id='word_1_100' title='bbox 886 1716 1137 1800; x_wconf 88' lang='lat' dir='ltr'><strong>perpendiculus</strong></span> <span class='ocrx_word' id='word_1_101' title='bbox 1153 1735 1251 1799; x_wconf 89' lang='lat' dir='ltr'><strong>super</strong></span> <span class='ocrx_word' id='word_1_102' title='bbox 1263 1718 1323 1791; x_wconf 80' lang='lat' dir='ltr'><strong>cll,</strong></span> 
     </span>
     <span class='ocr_line' id='line_1_13' title="bbox 259 1828 1322 1910; baseline -0.002 -18"><span class='ocrx_word' id='word_1_103' title='bbox 259 1837 292 1892; x_wconf 88' lang='lat' dir='ltr'><strong>et</strong></span> <span class='ocrx_word' id='word_1_104' title='bbox 304 1829 458 1910; x_wconf 83' lang='lat' dir='ltr'><strong>iungatur</strong></span> <span class='ocrx_word' id='word_1_105' title='bbox 470 1829 578 1893; x_wconf 89' lang='lat' dir='ltr'><strong>lineae</strong></span> <span class='ocrx_word' id='word_1_106' title='bbox 594 1840 640 1904; x_wconf 84' lang='lat' dir='ltr'><strong>et,</strong></span> <span class='ocrx_word' id='word_1_107' title='bbox 662 1848 738 1893; x_wconf 92' lang='lat' dir='ltr'><strong>cum</strong></span> <span class='ocrx_word' id='word_1_108' title='bbox 753 1831 850 1894; x_wconf 84' lang='lat' dir='ltr'><strong>luerit</strong></span> <span class='ocrx_word' id='word_1_109' title='bbox 864 1829 1029 1910; x_wconf 90' lang='lat' dir='ltr'><strong>producta,</strong></span> <span class='ocrx_word' id='word_1_110' title='bbox 1046 1829 1082 1891; x_wconf 93' lang='lat' dir='ltr'><strong>in</strong></span> <span class='ocrx_word' id='word_1_111' title='bbox 1095 1829 1126 1890; x_wconf 79' lang='lat' dir='ltr'><strong>lc.</strong></span> <span class='ocrx_word' id='word_1_112' title='bbox 1147 1828 1322 1891; x_wconf 83' lang='lat' dir='ltr'><strong>Punctuslc</strong></span> 
     </span>
     <span class='ocr_line' id='line_1_14' title="bbox 261 1940 1323 2022; baseline -0.001 -21"><span class='ocrx_word' id='word_1_113' title='bbox 261 1957 337 2020; x_wconf 77' lang='lat' dir='ltr'><strong>ergo</strong></span> <span class='ocrx_word' id='word_1_114' title='bbox 360 1941 421 2004; x_wconf 91' lang='lat' dir='ltr'><strong>erit</strong></span> <span class='ocrx_word' id='word_1_115' title='bbox 445 1948 531 2004; x_wconf 88' lang='lat' dir='ltr'><strong>retro</strong></span> <span class='ocrx_word' id='word_1_116' title='bbox 556 1940 745 2022; x_wconf 89' lang='lat' dir='ltr'><strong>speculum,</strong></span> <span class='ocrx_word' id='word_1_117' title='bbox 772 1940 909 2021; x_wconf 78' lang='lat' dir='ltr'><strong>angtnlus</strong></span> <span class='ocrx_word' id='word_1_118' title='bbox 932 1941 1021 2004; x_wconf 90' lang='lat' dir='ltr'><strong>enim</strong></span> <span class='ocrx_word' id='word_1_119' title='bbox 1042 1940 1106 2001; x_wconf 75' lang='grc' dir='ltr'><strong>ιιι</strong></span> <span class='ocrx_word' id='word_1_120' title='bbox 1127 1945 1323 2014; x_wconf 81' lang='lat' dir='ltr'><strong>estractus,</strong></span> 
     </span>
     <span class='ocr_line' id='line_1_15' title="bbox 260 2049 1324 2133; baseline -0.003 -20"><span class='ocrx_word' id='word_1_121' title='bbox 260 2057 292 2113; x_wconf 88' lang='lat' dir='ltr'><strong>et</strong></span> <span class='ocrx_word' id='word_1_122' title='bbox 314 2052 451 2131; x_wconf 78' lang='lat' dir='ltr'><strong>angrrlus</strong></span> <span class='ocrx_word' id='word_1_123' title='bbox 472 2053 536 2115; x_wconf 80' lang='lat' dir='ltr'><strong>lttlc</strong></span> <span class='ocrx_word' id='word_1_124' title='bbox 557 2059 681 2116; x_wconf 90' lang='lat' dir='ltr'><strong>acutus.</strong></span> <span class='ocrx_word' id='word_1_125' title='bbox 703 2055 818 2114; x_wconf 83' lang='lat' dir='ltr'><strong>Forma</strong></span> <span class='ocrx_word' id='word_1_126' title='bbox 840 2070 916 2132; x_wconf 83' lang='lat' dir='ltr'><strong>ergo</strong></span> <span class='ocrx_word' id='word_1_127' title='bbox 934 2050 1079 2133; x_wconf 78' lang='lat' dir='ltr'><strong>punctis</strong></span> <span class='ocrx_word' id='word_1_128' title='bbox 1097 2050 1158 2113; x_wconf 90' lang='lat' dir='ltr'><strong>erit</strong></span> <span class='ocrx_word' id='word_1_129' title='bbox 1178 2066 1278 2130; x_wconf 85' lang='lat' dir='ltr'><strong>penes</strong></span> <span class='ocrx_word' id='word_1_130' title='bbox 1295 2049 1324 2125; x_wconf 84' lang='lat' dir='ltr'><strong>lc,</strong></span> 
     </span>
     <span class='ocr_line' id='line_1_16' title="bbox 261 2162 1325 2244; baseline -0.004 -20"><span class='ocrx_word' id='word_1_131' title='bbox 261 2169 383 2224; x_wconf 88' lang='lat' dir='ltr'><strong>etcum</strong></span> <span class='ocrx_word' id='word_1_132' title='bbox 396 2162 508 2226; x_wconf 87' lang='lat' dir='ltr'><strong>voluta</strong></span> <span class='ocrx_word' id='word_1_133' title='bbox 521 2164 619 2227; x_wconf 82' lang='lat' dir='ltr'><strong>luerit</strong></span> <span class='ocrx_word' id='word_1_134' title='bbox 633 2163 822 2244; x_wconf 86' lang='lat' dir='ltr'><strong>superficies</strong></span> <span class='ocrx_word' id='word_1_135' title='bbox 837 2163 898 2225; x_wconf 84' lang='lat' dir='ltr'><strong>ista</strong></span> <span class='ocrx_word' id='word_1_136' title='bbox 920 2162 1006 2225; x_wconf 88' lang='lat' dir='ltr'><strong>circa</strong></span> <span class='ocrx_word' id='word_1_137' title='bbox 1027 2178 1119 2223; x_wconf 84' lang='lat' dir='ltr'><strong>axem</strong></span> <span class='ocrx_word' id='word_1_138' title='bbox 1140 2163 1198 2236; x_wconf 81' lang='lat' dir='ltr'><strong>od,</strong></span> <span class='ocrx_word' id='word_1_139' title='bbox 1221 2167 1253 2223; x_wconf 88' lang='lat' dir='ltr'><strong>et</strong></span> <span class='ocrx_word' id='word_1_140' title='bbox 1266 2178 1325 2241; x_wconf 89' lang='lat' dir='ltr'><strong>per</strong></span> 
     </span>
     <span class='ocr_line' id='line_1_17' title="bbox 259 2271 1325 2355; baseline -0.001 -22"><span class='ocrx_word' id='word_1_141' title='bbox 259 2272 593 2355; x_wconf 81' lang='lat' dir='ltr'><strong>circumscriptionem</strong></span> <span class='ocrx_word' id='word_1_142' title='bbox 611 2291 704 2337; x_wconf 89' lang='lat' dir='ltr'><strong>suam</strong></span> <span class='ocrx_word' id='word_1_143' title='bbox 720 2274 934 2337; x_wconf 89' lang='lat' dir='ltr'><strong>constituatur</strong></span> <span class='ocrx_word' id='word_1_144' title='bbox 948 2273 1104 2354; x_wconf 81' lang='lat' dir='ltr'><strong>pyramis,</strong></span> <span class='ocrx_word' id='word_1_145' title='bbox 1115 2277 1252 2352; x_wconf 83' lang='lat' dir='ltr'><strong>punctus</strong></span> <span class='ocrx_word' id='word_1_146' title='bbox 1262 2271 1325 2334; x_wconf 90' lang='lat' dir='ltr'><strong>uti-</strong></span> 
     </span>
     <span class='ocr_line' id='line_1_18' title="bbox 261 2379 1323 2464; baseline -0.001 -18"><span class='ocrx_word' id='word_1_147' title='bbox 261 2401 323 2464; x_wconf 90' lang='lat' dir='ltr'><strong>que</strong></span> <span class='ocrx_word' id='word_1_148' title='bbox 344 2403 363 2446; x_wconf 79' lang='lat' dir='ltr'><strong>s</strong></span> <span class='ocrx_word' id='word_1_149' title='bbox 384 2386 585 2448; x_wconf 88' lang='lat' dir='ltr'><strong>transeundo</strong></span> <span class='ocrx_word' id='word_1_150' title='bbox 607 2385 776 2448; x_wconf 89' lang='lat' dir='ltr'><strong>constituit</strong></span> <span class='ocrx_word' id='word_1_151' title='bbox 797 2383 956 2447; x_wconf 88' lang='lat' dir='ltr'><strong>circulum</strong></span> <span class='ocrx_word' id='word_1_152' title='bbox 977 2400 1078 2464; x_wconf 90' lang='lat' dir='ltr'><strong>penes</strong></span> <span class='ocrx_word' id='word_1_153' title='bbox 1099 2383 1211 2446; x_wconf 89' lang='lat' dir='ltr'><strong>basem</strong></span> <span class='ocrx_word' id='word_1_154' title='bbox 1232 2379 1323 2445; x_wconf 87' lang='lat' dir='ltr'><strong>illius</strong></span> 
     </span>
     <span class='ocr_line' id='line_1_19' title="bbox 260 2489 1325 2576; baseline -0.004 -20"><span class='ocrx_word' id='word_1_155' title='bbox 260 2512 358 2575; x_wconf 88' lang='lat' dir='ltr'><strong>super</strong></span> <span class='ocrx_word' id='word_1_156' title='bbox 382 2513 452 2559; x_wconf 88' lang='lat' dir='ltr'><strong>rem</strong></span> <span class='ocrx_word' id='word_1_157' title='bbox 477 2496 671 2571; x_wconf 85' lang='lat' dir='ltr'><strong>videndam,</strong></span> <span class='ocrx_word' id='word_1_158' title='bbox 706 2505 749 2558; x_wconf 90' lang='lat' dir='ltr'><strong>et·</strong></span> <span class='ocrx_word' id='word_1_159' title='bbox 769 2489 908 2576; x_wconf 90' lang='lat' dir='ltr'><strong>punctus</strong></span> <span class='ocrx_word' id='word_1_160' title='bbox 934 2493 1067 2575; x_wconf 85' lang='lat' dir='ltr'><strong>quidem</strong></span> <span class='ocrx_word' id='word_1_161' title='bbox 1094 2494 1112 2553; x_wconf 86' lang='lat' dir='ltr'><strong>lc</strong></span> <span class='ocrx_word' id='word_1_162' title='bbox 1139 2493 1201 2556; x_wconf 92' lang='lat' dir='ltr'><strong>erit</strong></span> <span class='ocrx_word' id='word_1_163' title='bbox 1227 2509 1325 2575; x_wconf 86' lang='lat' dir='ltr'><strong>super</strong></span> 
     </span>
     <span class='ocr_line' id='line_1_20' title="bbox 259 2603 1324 2688; baseline 0.001 -22"><span class='ocrx_word' id='word_1_164' title='bbox 259 2605 401 2669; x_wconf 90' lang='lat' dir='ltr'><strong>formam</strong></span> <span class='ocrx_word' id='word_1_165' title='bbox 423 2607 504 2681; x_wconf 89' lang='lat' dir='ltr'><strong>eius,</strong></span> <span class='ocrx_word' id='word_1_166' title='bbox 521 2614 661 2686; x_wconf 89' lang='lat' dir='ltr'><strong>punctus</strong></span> <span class='ocrx_word' id='word_1_167' title='bbox 679 2624 808 2688; x_wconf 89' lang='lat' dir='ltr'><strong>quoque</strong></span> <span class='ocrx_word' id='word_1_168' title='bbox 824 2616 834 2668; x_wconf 88' lang='lat' dir='ltr'><strong>t</strong></span> <span class='ocrx_word' id='word_1_169' title='bbox 848 2623 945 2688; x_wconf 90' lang='lat' dir='ltr'><strong>super</strong></span> <span class='ocrx_word' id='word_1_170' title='bbox 961 2605 1081 2679; x_wconf 87' lang='lat' dir='ltr'><strong>locum,</strong></span> <span class='ocrx_word' id='word_1_171' title='bbox 1095 2604 1184 2667; x_wconf 88' lang='lat' dir='ltr'><strong>unde</strong></span> <span class='ocrx_word' id='word_1_172' title='bbox 1198 2603 1324 2667; x_wconf 84' lang='lat' dir='ltr'><strong>videtur</strong></span> 
     </span>
     <span class='ocr_line' id='line_1_21' title="bbox 260 2715 1322 2799; baseline 0.001 -22"><span class='ocrx_word' id='word_1_173' title='bbox 260 2717 406 2780; x_wconf 83' lang='lat' dir='ltr'><strong>formas</strong></span> <span class='ocrx_word' id='word_1_174' title='bbox 427 2716 571 2799; x_wconf 91' lang='lat' dir='ltr'><strong>speculo,</strong></span> <span class='ocrx_word' id='word_1_175' title='bbox 592 2719 677 2781; x_wconf 87' lang='lat' dir='ltr'><strong>sicut</strong></span> <span class='ocrx_word' id='word_1_176' title='bbox 697 2718 883 2781; x_wconf 87' lang='lat' dir='ltr'><strong>invenimus</strong></span> <span class='ocrx_word' id='word_1_177' title='bbox 907 2734 946 2779; x_wconf 88' lang='lat' dir='ltr'><strong>ex</strong></span> <span class='ocrx_word' id='word_1_178' title='bbox 965 2715 1018 2779; x_wconf 93' lang='lat' dir='ltr'><strong>his</strong></span> <span class='ocrx_word' id='word_1_179' title='bbox 1040 2732 1122 2796; x_wconf 87' lang='lat' dir='ltr'><strong>quae</strong></span> <span class='ocrx_word' id='word_1_180' title='bbox 1144 2722 1322 2796; x_wconf 87' lang='lat' dir='ltr'><strong>apparent,</strong></span> 
     </span>
     <span class='ocr_line' id='line_1_22' title="bbox 260 2828 868 2911; baseline 0 -21"><span class='ocrx_word' id='word_1_181' title='bbox 260 2834 292 2890; x_wconf 87' lang='lat' dir='ltr'><strong>et</strong></span> <span class='ocrx_word' id='word_1_182' title='bbox 313 2828 492 2891; x_wconf 82' lang='lat' dir='ltr'><strong>secundum</strong></span> <span class='ocrx_word' id='word_1_183' title='bbox 514 2829 678 2911; x_wconf 90' lang='lat' dir='ltr'><strong>praedicta</strong></span> <span class='ocrx_word' id='word_1_184' title='bbox 699 2829 868 2910; x_wconf 89' lang='lat' dir='ltr'><strong>principia.</strong></span> 
     </span>
    </p>

    <p class='ocr_par' dir='ltr' id='par_1_3' title="bbox 256 2935 1323 4130">
     <span class='ocr_line' id='line_1_23' title="bbox 301 2935 1323 3020; baseline -0.004 -18"><span class='ocrx_word' id='word_1_185' title='bbox 301 2939 397 3002; x_wconf 79' lang='lat' dir='ltr'><strong>Fiunt</strong></span> <span class='ocrx_word' id='word_1_186' title='bbox 424 2940 524 3003; x_wconf 89' lang='lat' dir='ltr'><strong>etiam</strong></span> <span class='ocrx_word' id='word_1_187' title='bbox 553 2940 588 3000; x_wconf 94' lang='lat' dir='ltr'><strong>in</strong></span> <span class='ocrx_word' id='word_1_188' title='bbox 618 2938 759 3020; x_wconf 88' lang='lat' dir='ltr'><strong>speculis</strong></span> <span class='ocrx_word' id='word_1_189' title='bbox 782 2939 973 3019; x_wconf 90' lang='lat' dir='ltr'><strong>compositis</strong></span> <span class='ocrx_word' id='word_1_190' title='bbox 995 2956 1033 3001; x_wconf 83' lang='lat' dir='ltr'><strong>ex</strong></span> <span class='ocrx_word' id='word_1_191' title='bbox 1055 2935 1197 3018; x_wconf 86' lang='lat' dir='ltr'><strong>speculis</strong></span> <span class='ocrx_word' id='word_1_192' title='bbox 1218 2937 1323 3017; x_wconf 79' lang='lat' dir='ltr'><strong>ligura</strong></span> 
     </span>
     <span class='ocr_line' id='line_1_24' title="bbox 259 3044 1323 3132; baseline -0.003 -20"><span class='ocrx_word' id='word_1_193' title='bbox 259 3048 422 3113; x_wconf 86' lang='lat' dir='ltr'><strong>similibus</strong></span> <span class='ocrx_word' id='word_1_194' title='bbox 450 3048 559 3132; x_wconf 90' lang='lat' dir='ltr'><strong>plures</strong></span> <span class='ocrx_word' id='word_1_195' title='bbox 587 3044 711 3113; x_wconf 84' lang='lat' dir='ltr'><strong>formae</strong></span> <span class='ocrx_word' id='word_1_196' title='bbox 739 3051 787 3114; x_wconf 89' lang='lat' dir='ltr'><strong>rei</strong></span> <span class='ocrx_word' id='word_1_197' title='bbox 808 3068 910 3112; x_wconf 91' lang='lat' dir='ltr'><strong>unam</strong></span> <span class='ocrx_word' id='word_1_198' title='bbox 937 3050 1115 3130; x_wconf 81' lang='lat' dir='ltr'><strong>imaginem</strong></span> <span class='ocrx_word' id='word_1_199' title='bbox 1147 3047 1323 3119; x_wconf 87' lang='lat' dir='ltr'><strong>habentis,</strong></span> 
     </span>
     <span class='ocr_line' id='line_1_25' title="bbox 260 3156 1322 3241; baseline -0.005 -19"><span class='ocrx_word' id='word_1_200' title='bbox 260 3177 334 3223; x_wconf 91' lang='lat' dir='ltr'><strong>cum</strong></span> <span class='ocrx_word' id='word_1_201' title='bbox 357 3160 432 3223; x_wconf 91' lang='lat' dir='ltr'><strong>talis</strong></span> <span class='ocrx_word' id='word_1_202' title='bbox 453 3161 552 3229; x_wconf 84' lang='lat' dir='ltr'><strong>fuerit</strong></span> <span class='ocrx_word' id='word_1_203' title='bbox 572 3160 766 3241; x_wconf 89' lang='lat' dir='ltr'><strong>compositio</strong></span> <span class='ocrx_word' id='word_1_204' title='bbox 782 3159 921 3240; x_wconf 90' lang='lat' dir='ltr'><strong>speculi,</strong></span> <span class='ocrx_word' id='word_1_205' title='bbox 936 3166 974 3223; x_wconf 90' lang='lat' dir='ltr'><strong>ut</strong></span> <span class='ocrx_word' id='word_1_206' title='bbox 985 3166 1138 3239; x_wconf 83' lang='lat' dir='ltr'><strong>appareat</strong></span> <span class='ocrx_word' id='word_1_207' title='bbox 1152 3156 1322 3238; x_wconf 87' lang='lat' dir='ltr'><strong>aspicienti</strong></span> 
     </span>
     <span class='ocr_line' id='line_1_26' title="bbox 259 3265 1321 3352; baseline -0.005 -18"><span class='ocrx_word' id='word_1_208' title='bbox 259 3278 425 3351; x_wconf 83' lang='lat' dir='ltr'><strong>tamquam</strong></span> <span class='ocrx_word' id='word_1_209' title='bbox 454 3272 559 3351; x_wconf 83' lang='lat' dir='ltr'><strong>ligura</strong></span> <span class='ocrx_word' id='word_1_210' title='bbox 586 3270 764 3352; x_wconf 86' lang='lat' dir='ltr'><strong>sphaerae,</strong></span> <span class='ocrx_word' id='word_1_211' title='bbox 788 3276 822 3333; x_wconf 89' lang='lat' dir='ltr'><strong>et</strong></span> <span class='ocrx_word' id='word_1_212' title='bbox 842 3270 904 3332; x_wconf 89' lang='lat' dir='ltr'><strong>hac</strong></span> <span class='ocrx_word' id='word_1_213' title='bbox 927 3269 966 3333; x_wconf 89' lang='lat' dir='ltr'><strong>de</strong></span> <span class='ocrx_word' id='word_1_214' title='bbox 987 3286 1088 3332; x_wconf 88' lang='lat' dir='ltr'><strong>causa</strong></span> <span class='ocrx_word' id='word_1_215' title='bbox 1112 3265 1321 3347; x_wconf 87' lang='lat' dir='ltr'><strong>unumquod-</strong></span> 
     </span>
     <span class='ocr_line' id='line_1_27' title="bbox 258 3377 1319 3463; baseline -0.007 -18"><span class='ocrx_word' id='word_1_216' title='bbox 258 3399 321 3461; x_wconf 87' lang='lat' dir='ltr'><strong>que</strong></span> <span class='ocrx_word' id='word_1_217' title='bbox 336 3379 507 3462; x_wconf 87' lang='lat' dir='ltr'><strong>speculum</strong></span> <span class='ocrx_word' id='word_1_218' title='bbox 520 3389 630 3463; x_wconf 89' lang='lat' dir='ltr'><strong>aptum</strong></span> <span class='ocrx_word' id='word_1_219' title='bbox 645 3389 694 3445; x_wconf 89' lang='lat' dir='ltr'><strong>est</strong></span> <span class='ocrx_word' id='word_1_220' title='bbox 706 3399 810 3443; x_wconf 90' lang='lat' dir='ltr'><strong>unum</strong></span> <span class='ocrx_word' id='word_1_221' title='bbox 825 3380 935 3443; x_wconf 89' lang='lat' dir='ltr'><strong>locum</strong></span> <span class='ocrx_word' id='word_1_222' title='bbox 950 3379 1113 3460; x_wconf 89' lang='lat' dir='ltr'><strong>suscipere</strong></span> <span class='ocrx_word' id='word_1_223' title='bbox 1127 3394 1229 3458; x_wconf 89' lang='lat' dir='ltr'><strong>penes</strong></span> <span class='ocrx_word' id='word_1_224' title='bbox 1240 3377 1319 3440; x_wconf 82' lang='lat' dir='ltr'><strong>vlai-</strong></span> 
     </span>
     <span class='ocr_line' id='line_1_28' title="bbox 257 3488 1321 3570; baseline -0.002 -16"><span class='ocrx_word' id='word_1_225' title='bbox 257 3492 340 3555; x_wconf 86' lang='lat' dir='ltr'><strong>bilas</strong></span> <span class='ocrx_word' id='word_1_226' title='bbox 361 3492 481 3562; x_wconf 84' lang='lat' dir='ltr'><strong>radios.</strong></span> <span class='ocrx_word' id='word_1_227' title='bbox 503 3495 577 3555; x_wconf 85' lang='lat' dir='ltr'><strong>Esto</strong></span> <span class='ocrx_word' id='word_1_228' title='bbox 599 3493 701 3555; x_wconf 92' lang='lat' dir='ltr'><strong>sectio</strong></span> <span class='ocrx_word' id='word_1_229' title='bbox 720 3492 833 3555; x_wconf 89' lang='lat' dir='ltr'><strong>circuli</strong></span> <span class='ocrx_word' id='word_1_230' title='bbox 847 3492 941 3570; x_wconf 82' lang='lat' dir='ltr'><strong>abpd</strong></span> <span class='ocrx_word' id='word_1_231' title='bbox 956 3490 1021 3569; x_wconf 65' lang='grc' dir='ltr'><strong>(ᾖς.</strong></span> <span class='ocrx_word' id='word_1_232' title='bbox 1034 3488 1107 3566; x_wconf 71' lang='grc'><strong>76),</strong></span> <span class='ocrx_word' id='word_1_233' title='bbox 1124 3497 1156 3553; x_wconf 85' lang='lat' dir='ltr'><strong>et</strong></span> <span class='ocrx_word' id='word_1_234' title='bbox 1170 3495 1321 3552; x_wconf 82' lang='lat' dir='ltr'><strong>centrum</strong></span> 
     </span>
     <span class='ocr_line' id='line_1_29' title="bbox 258 3599 1319 3685; baseline -0.006 -19"><span class='ocrx_word' id='word_1_235' title='bbox 258 3605 328 3667; x_wconf 88' lang='lat' dir='ltr'><strong>eius</strong></span> <span class='ocrx_word' id='word_1_236' title='bbox 345 3622 373 3679; x_wconf 83' lang='lat' dir='ltr'><strong>c,</strong></span> <span class='ocrx_word' id='word_1_237' title='bbox 395 3611 428 3667; x_wconf 89' lang='lat' dir='ltr'><strong>et</strong></span> <span class='ocrx_word' id='word_1_238' title='bbox 447 3604 681 3685; x_wconf 86' lang='lat' dir='ltr'><strong>protrahantur</strong></span> <span class='ocrx_word' id='word_1_239' title='bbox 702 3622 760 3685; x_wconf 90' lang='lat' dir='ltr'><strong>per</strong></span> <span class='ocrx_word' id='word_1_240' title='bbox 781 3602 936 3683; x_wconf 85' lang='lat' dir='ltr'><strong>aequales</strong></span> <span class='ocrx_word' id='word_1_241' title='bbox 955 3600 1125 3664; x_wconf 86' lang='lat' dir='ltr'><strong>distantias</strong></span> <span class='ocrx_word' id='word_1_242' title='bbox 1142 3600 1249 3664; x_wconf 84' lang='lat' dir='ltr'><strong>lineas</strong></span> <span class='ocrx_word' id='word_1_243' title='bbox 1264 3599 1319 3674; x_wconf 73' lang='lat' dir='ltr'><strong>oi,</strong></span> 
     </span>
     <span class='ocr_line' id='line_1_30' title="bbox 258 3712 1319 3795; baseline -0.003 -19"><span class='ocrx_word' id='word_1_244' title='bbox 258 3715 313 3793; x_wconf 78' lang='lat' dir='ltr'><strong>tp,</strong></span> <span class='ocrx_word' id='word_1_245' title='bbox 334 3717 392 3794; x_wconf 79' lang='lat' dir='ltr'><strong>pal,</strong></span> <span class='ocrx_word' id='word_1_246' title='bbox 414 3716 520 3795; x_wconf 89' lang='lat' dir='ltr'><strong>sitque</strong></span> <span class='ocrx_word' id='word_1_247' title='bbox 542 3715 630 3778; x_wconf 87' lang='lat' dir='ltr'><strong>visus</strong></span> <span class='ocrx_word' id='word_1_248' title='bbox 652 3714 835 3777; x_wconf 86' lang='lat' dir='ltr'><strong>secundum</strong></span> <span class='ocrx_word' id='word_1_249' title='bbox 856 3729 957 3776; x_wconf 90' lang='lat' dir='ltr'><strong>unam</strong></span> <span class='ocrx_word' id='word_1_250' title='bbox 979 3712 1121 3792; x_wconf 88' lang='lat' dir='ltr'><strong>speciem</strong></span> <span class='ocrx_word' id='word_1_251' title='bbox 1140 3712 1176 3774; x_wconf 93' lang='lat' dir='ltr'><strong>in</strong></span> <span class='ocrx_word' id='word_1_252' title='bbox 1199 3718 1319 3791; x_wconf 85' lang='lat' dir='ltr'><strong>puncto</strong></span> 
     </span>
     <span class='ocr_line' id='line_1_31' title="bbox 256 3819 1321 3907; baseline -0.005 -19"><span class='ocrx_word' id='word_1_253' title='bbox 256 3843 294 3898; x_wconf 78' lang='lat' dir='ltr'><strong>a,</strong></span> <span class='ocrx_word' id='word_1_254' title='bbox 322 3834 354 3888; x_wconf 91' lang='lat' dir='ltr'><strong>et</strong></span> <span class='ocrx_word' id='word_1_255' title='bbox 379 3827 568 3907; x_wconf 86' lang='lat' dir='ltr'><strong>superficies</strong></span> <span class='ocrx_word' id='word_1_256' title='bbox 594 3826 687 3905; x_wconf 76' lang='lat' dir='ltr'><strong>aspa</strong></span> <span class='ocrx_word' id='word_1_257' title='bbox 712 3825 756 3886; x_wconf 90' lang='lat' dir='ltr'><strong>sit</strong></span> <span class='ocrx_word' id='word_1_258' title='bbox 783 3843 870 3897; x_wconf 90' lang='lat' dir='ltr'><strong>una,</strong></span> <span class='ocrx_word' id='word_1_259' title='bbox 897 3828 930 3886; x_wconf 86' lang='lat' dir='ltr'><strong>ct</strong></span> <span class='ocrx_word' id='word_1_260' title='bbox 957 3828 1100 3886; x_wconf 87' lang='lat' dir='ltr'><strong>transeat</strong></span> <span class='ocrx_word' id='word_1_261' title='bbox 1125 3839 1184 3903; x_wconf 90' lang='lat' dir='ltr'><strong>per</strong></span> <span class='ocrx_word' id='word_1_262' title='bbox 1204 3819 1321 3902; x_wconf 87' lang='lat' dir='ltr'><strong>sphae-</strong></span> 
     </span>
     <span class='ocr_line' id='line_1_32' title="bbox 258 3932 1323 4015; baseline -0.007 -15"><span class='ocrx_word' id='word_1_263' title='bbox 258 3942 382 4000; x_wconf 85' lang='lat' dir='ltr'><strong>ramat</strong></span> <span class='ocrx_word' id='word_1_264' title='bbox 405 3937 535 4002; x_wconf 89' lang='lat' dir='ltr'><strong>radium</strong></span> <span class='ocrx_word' id='word_1_265' title='bbox 560 3937 761 4010; x_wconf 85' lang='lat' dir='ltr'><strong>refractum,</strong></span> <span class='ocrx_word' id='word_1_266' title='bbox 789 3937 919 4015; x_wconf 89' lang='lat' dir='ltr'><strong>sintque</strong></span> <span class='ocrx_word' id='word_1_267' title='bbox 944 3933 1049 4008; x_wconf 85' lang='lat' dir='ltr'><strong>radii,</strong></span> <span class='ocrx_word' id='word_1_268' title='bbox 1072 3949 1155 4013; x_wconf 86' lang='lat' dir='ltr'><strong>quos</strong></span> <span class='ocrx_word' id='word_1_269' title='bbox 1177 3932 1323 3994; x_wconf 65' lang='lat' dir='ltr'><strong>confluet</strong></span> 
     </span>
     <span class='ocr_line' id='line_1_33' title="bbox 257 4041 1323 4130; baseline -0.005 -20"><span class='ocrx_word' id='word_1_270' title='bbox 257 4048 381 4130; x_wconf 87' lang='lat' dir='ltr'><strong>species</strong></span> <span class='ocrx_word' id='word_1_271' title='bbox 409 4066 467 4128; x_wconf 84' lang='lat' dir='ltr'><strong>por</strong></span> <span class='ocrx_word' id='word_1_272' title='bbox 493 4047 753 4130; x_wconf 86' lang='lat' dir='ltr'><strong>unumquodque</strong></span> <span class='ocrx_word' id='word_1_273' title='bbox 785 4044 954 4127; x_wconf 87' lang='lat' dir='ltr'><strong>speculum</strong></span> <span class='ocrx_word' id='word_1_274' title='bbox 985 4047 1019 4109; x_wconf 92' lang='lat' dir='ltr'><strong>in</strong></span> <span class='ocrx_word' id='word_1_275' title='bbox 1051 4041 1323 4123; x_wconf 73' lang='lat' dir='ltr'><strong>mirmtionibus,</strong></span> 
     </span>
    </p>
   </div>
   <div class='ocr_carea' id='block_1_2' title="bbox 0 0 1644 5364">
    <p class='ocr_par' dir='ltr' id='par_1_4' title="bbox 0 0 1644 5364">
     <span class='ocr_line' id='line_1_34' title="bbox 0 0 1644 5364; baseline 0 0"><span class='ocrx_word' id='word_1_276' title='bbox 0 0 1644 5364; x_wconf 95' lang='lat' dir='ltr'><strong> </strong></span> 
     </span>
    </p>
   </div>
  </div>
 </body>
</html>
