3278 5364
1290 533 1331 594 89

228 612 422 703 'habenta
442 640 514 702 visu
536 641 697 703 maiorem
719 641 871 703 concavis
900 640 1134 721 proprietatem
1161 641 1195 701 in
1220 642 1330 704 obser-

256 751 364 813 vanda
386 749 603 813 ordinatione.
626 751 824 830 Supcrllcies
840 751 997 824 carimde
1014 770 1079 830 qua
1094 749 1132 812 fit
1147 752 1332 814 reverbera-

257 861 316 933 tio,
329 878 461 940 semper
473 867 524 924 est
544 862 580 922 in
603 859 749 940 speculis
763 860 873 922 curvis
895 861 983 922 inter
998 867 1149 922 centrum
1171 859 1331 940 sphaerae

256 975 292 1031 et
311 969 443 1047 visum;
464 969 656 1050 superficies
691 977 803 1032 autem
834 967 972 1050 speculi·
990 968 1126 1031 concavi
1147 985 1331 1048 numquam

257 1078 325 1140 erit
344 1079 380 1141 in
398 1077 512 1158 aliquo
527 1084 673 1159 tempore
692 1079 725 1141 in
744 1079 818 1142 loco
834 1098 934 1159 quem
948 1079 1102 1142 diximus.
1123 1077 1333 1140 Diversitates

258 1189 359 1250 ctiam
380 1206 467 1268 quae
488 1189 576 1251 fiunt
600 1188 688 1251 inter
709 1188 795 1251 illud
816 1188 906 1269 quod
927 1194 1062 1269 apparet
1082 1188 1267 1251 secundum
1284 1187 1331 1248 di·

256 1298 438 1361 rectionem
453 1314 630 1383 curvorum
648 1297 871 1378 speculorum,
886 1297 1036 1361 minores
1049 1302 1128 1359 sunt
1139 1313 1240 1376 quam
1252 1294 1331 1358 illae

258 1423 345 1485 quae
367 1413 448 1469 aunt
467 1406 557 1469 inter
577 1406 663 1469 illud
686 1415 719 1470 et
739 1425 884 1471 concava
904 1407 1058 1487 specula3
1081 1425 1148 1486 qua
1169 1407 1210 1468 de
1232 1422 1332 1468 causa

257 1515 511 1596 praeponendus
533 1522 584 1578 est
606 1535 715 1580 sermo
733 1519 774 1580 de
788 1517 898 1580 curvis
915 1515 1071 1596 speculis
1088 1533 1165 1578 cum
1182 1523 1329 1577 contem·

256 1623 361 1705 platio
382 1643 499 1689 eorum
520 1625 564 1687 sit
584 1626 691 1688 levior
711 1624 991 1706 contemplatione
1014 1642 1247 1688 concavorum.

300 1734 340 1796 ln
361 1734 473 1797 curvis
495 1735 588 1797 enim
608 1735 751 1814 speculis
774 1734 947 1815 aspicienti
962 1752 1038 1797 oum
1052 1752 1120 1796 uno
1135 1732 1233 1796 oculo
1246 1750 1332 1795 sem·

257 1860 320 1924 par
339 1843 470 1907 videtur
490 1861 559 1906 una
579 1844 701 1918 forma,
720 1849 753 1907 et
770 1843 1007 1924 apparetinlra
1023 1843 1212 1923 speculum;
1233 1860 1333 1921 super

258 1952 433 2033 sphaeram
455 1958 583 2026 autem,
600 1952 640 2017 de
656 1970 722 2032 qua
734 1952 908 2033 speculum
923 1952 1141 2015 causaturum
1159 1959 1222 2026 est,
1236 1968 1332 2013 num·
1367 1953 1373 1963 '

259 2078 361 2142 quam
375 2063 410 2124 in
425 2060 539 2141 alique
549 2067 701 2142 'tempore
712 2061 889 2125 videbitur.
901 2064 976 2125 listo
989 2060 1091 2140 igitur
1101 2060 1203 2128 sectio
1215 2059 1332 2123 circuli

259 2171 319 2252 qui
339 2171 376 2233 in
397 2188 499 2233 curvo
521 2170 666 2251 speculo,
689 2179 721 2233 at
742 2171 786 2232 sit
798 2173 887 2250 oqu
903 2171 966 2250 (fip.
983 2171 1054 2245 28),
1069 2169 1165 2233 cuius
1180 2175 1331 2232 centrum

260 2280 305 2343 sit
324 2301 356 2355 e,
378 2288 413 2344 et
432 2281 525 2343 visus
547 2288 689 2361 punctus
702 2298 736 2355 a,
759 2287 792 2344 et
813 2299 866 2344 res
880 2280 1071 2355 videndas,
1087 2286 1121 2343 et
1135 2280 1333 2358 refringatur

259 2406 319 2454 as
338 2389 381 2453 acl
399 2391 423 2453 la
442 2389 554 2452 radius
575 2390 617 2451 ad
639 2389 794 2469 aequales
812 2390 962 2470 angulos,
978 2396 1011 2452 et
1025 2389 1070 2450 sit
1082 2389 1159 2452 aba.
1183 2388 1331 2450 Dicimus

259 2517 349 2580 erqo,
361 2500 451 2579 quod
466 2517 534 2562 non
548 2498 741 2578 refringitur
758 2500 799 2561 ad
811 2517 888 2562 cum
901 2498 986 2561 alius
996 2497 1109 2561 radius
1122 2499 1164 2560 ad
1175 2495 1332 2577 aequales

260 2608 421 2689 angelon
443 2609 534 2688 qnod
555 2608 584 2670 si
606 2607 765 2689 possibile
786 2614 855 2682 est,
875 2607 920 2670 sit
939 2606 1052 2670 radius
1073 2609 1139 2687 apli
1160 2612 1193 2670 et
1213 2606 1332 2687 produ·

260 2726 355 2784 aaut
369 2718 459 2783 linea
480 2719 589 2798 atqu,
611 2719 743 2800 etquis
764 2718 905 2798 angulus
926 2718 989 2779 ebt
1011 2726 1061 2781 est
1081 2718 1189 2781 maior
1209 2716 1332 2797 angrrlo

258 2838 318 2909 apt
353 2876 361 2903 ,
382 2835 416 2892 et
437 2827 578 2909 angulus
599 2838 662 2908 apt
682 2829 788 2892 maior
809 2835 860 2891 est
881 2827 1004 2908 angulo
1023 2844 1108 2906 apo,
1132 2827 1197 2892 erit
1216 2826 1332 2907 utique
1427 2894 1433 2905 ‚

259 2933 402 3016 angulus
422 2936 490 2999 aba
509 2934 617 2999 multo
637 2935 745 3000 maior
767 2934 889 3015 angulo
911 2955 989 3014 aqu.
1019 2935 1083 2999 Sed
1104 2934 1244 3015 angulus
1266 2935 1333 2997 aba

259 3051 368 3109 estut
389 3044 532 3126 angulus
552 3047 642 3120 totu
666 3045 810 3126 angulus
832 3063 910 3126 crgo
928 3039 1009 3109 hbd'
1021 3045 1129 3108 maior
1142 3051 1193 3108 est
1210 3042 1331 3124 angulo

258 3174 344 3236 apa,
366 3161 400 3218 et
417 3154 559 3234 angulus
572 3157 635 3234 laqt
655 3157 827 3219 maiorest
843 3154 967 3235 augule
987 3156 1071 3234 labq;
1095 3153 1237 3232 angulus
1253 3171 1331 3232 crgo

259 3266 328 3345 laad
354 3262 462 3328 mirlto
483 3265 591 3327 maior
611 3270 663 3327 est
684 3264 806 3346 angulo
831 3266 915 3328 aba.
948 3263 1019 3328 Non
1042 3281 1120 3344 ergo
1141 3262 1334 3341 refringitur

259 3377 326 3454 spi
346 3373 390 3437 ad
411 3373 565 3454 aequales
587 3374 738 3455 angulos.
760 3377 797 3437 lit
814 3374 1031 3438 manifestum
1046 3380 1105 3448 cst,
1120 3372 1253 3454 quodsi
1268 3390 1332 3453 po·

260 3483 427 3547 susumus
453 3482 614 3564 angulum
635 3502 700 3564 apa
728 3483 902 3565 aequalem
924 3473 1048 3565 angulo
1064 3484 1147 3564 dql,
1168 3499 1239 3545 uon
1260 3483 1334 3544 iuu-

260 3593 506 3673 genturlineae
528 3595 584 3669 Νι,
599 3596 633 3674 pl
655 3594 698 3657 ad
712 3602 840 3676 partem
853 3596 887 3669 t,
903 3595 928 3669 l,
943 3593 1102 3674 quoniam
1118 3593 1262 3673 angulus
1277 3602 1332 3671 ιρι
1354 3656 1359 3662 .

260 3702 368 3766 maier
388 3707 439 3765 cat
460 3703 582 3783 angulo
598 3706 682 3784 lrpl,
704 3712 738 3767 et
758 3704 902 3784 angulus
925 3705 980 3766 tia
1007 3705 1116 3767 maior
1136 3710 1186 3766 est
1208 3698 1331 3780 angulo

261 3820 337 3893 ιρι,
359 3819 392 3875 et
408 3811 550 3892 angulus
573 3814 638 3876 tta
658 3815 766 3878 maior
780 3821 830 3877 ast
847 3814 969 3892 angulo
992 3815 1066 3883 tis:
1088 3811 1231 3891 angulus
1254 3828 1332 3890 ergo

262 3921 333 4014 tol
354 3923 463 3985 maior
476 3928 527 3985 cst
541 3921 663 4002 angulo
678 3926 750 4002 qul.
770 3924 841 3986 Non
860 3940 936 4002 ergo
951 3924 1137 4002 iunguntur
1152 3920 1262 3984 lineae
1278 3921 1332 3994 ih,

260 4034 297 4109 aa
322 4033 363 4096 ad
384 4029 479 4105 illam
501 4040 650 4114 partem,
673 4051 740 4113 qua
761 4038 840 4097 sunt
860 4033 974 4113 puncti
994 4036 1028 4111 t,
1052 4035 1076 4094 t.
1107 4032 1232 4095 Rursus
1253 4049 1332 4113 pro-
