<?xml version="1.0" encoding="UTF-8"?>
<!DOCTYPE html PUBLIC "-//W3C//DTD XHTML 1.0 Transitional//EN"
    "http://www.w3.org/TR/xhtml1/DTD/xhtml1-transitional.dtd">
<html xmlns="http://www.w3.org/1999/xhtml" xml:lang="en" lang="en">
 <head>
  <title>
</title>
<meta http-equiv="Content-Type" content="text/html;charset=utf-8" />
  <meta name='ocr-system' content='tesseract 3.04.00' />
  <meta name='ocr-capabilities' content='ocr_page ocr_carea ocr_par ocr_line ocrx_word'/>
</head>
<body>
  <div class='ocr_page' id='page_1' title='image "./lotticadiclaudi00eugegoog_0212.png"; bbox 0 0 3278 5364; ppageno 0'>
   <div class='ocr_carea' id='block_1_1' title="bbox 243 524 1403 3134">
    <p class='ocr_par' dir='ltr' id='par_1_1' title="bbox 243 524 1403 2258">
     <span class='ocr_line' id='line_1_1' title="bbox 1275 524 1335 591; baseline 0 -2"><span class='ocrx_word' id='word_1_1' title='bbox 1275 524 1335 591; x_wconf 79' lang='lat' dir='ltr'>its</span> 
     </span>
     <span class='ocr_line' id='line_1_2' title="bbox 258 635 1331 717; baseline 0 -18"><span class='ocrx_word' id='word_1_2' title='bbox 258 666 260 671; x_wconf 96' lang='lat'>·</span> <span class='ocrx_word' id='word_1_3' title='bbox 298 637 422 699; x_wconf 86' lang='lat' dir='ltr'>Rursus</span> <span class='ocrx_word' id='word_1_4' title='bbox 445 654 519 699; x_wconf 90' lang='lat' dir='ltr'>cum</span> <span class='ocrx_word' id='word_1_5' title='bbox 542 655 679 716; x_wconf 85' lang='lat' dir='ltr'>corpora</span> <span class='ocrx_word' id='word_1_6' title='bbox 702 643 733 698; x_wconf 92' lang='lat' dir='ltr'>et</span> <span class='ocrx_word' id='word_1_7' title='bbox 756 635 868 716; x_wconf 89' lang='lat' dir='ltr'>auguli</span> <span class='ocrx_word' id='word_1_8' title='bbox 890 635 983 698; x_wconf 86' lang='lat' dir='ltr'>valde</span> <span class='ocrx_word' id='word_1_9' title='bbox 1000 635 1161 710; x_wconf 82' lang='lat' dir='ltr'>differant,</span> <span class='ocrx_word' id='word_1_10' title='bbox 1177 654 1331 717; x_wconf 88' lang='lat' dir='ltr'>augmen·</span> 
     </span>
     <span class='ocr_line' id='line_1_3' title="bbox 259 745 1333 826; baseline -0.001 -17"><span class='ocrx_word' id='word_1_11' title='bbox 259 755 327 809; x_wconf 88' lang='lat' dir='ltr'>tum</span> <span class='ocrx_word' id='word_1_12' title='bbox 350 747 388 808; x_wconf 88' lang='lat' dir='ltr'>flt</span> <span class='ocrx_word' id='word_1_13' title='bbox 409 751 516 809; x_wconf 88' lang='lat' dir='ltr'>maius</span> <span class='ocrx_word' id='word_1_14' title='bbox 538 755 661 826; x_wconf 88' lang='lat' dir='ltr'>quanto</span> <span class='ocrx_word' id='word_1_15' title='bbox 684 746 790 826; x_wconf 90' lang='lat' dir='ltr'>magis</span> <span class='ocrx_word' id='word_1_16' title='bbox 812 745 947 809; x_wconf 88' lang='lat' dir='ltr'>alterius</span> <span class='ocrx_word' id='word_1_17' title='bbox 965 746 1103 808; x_wconf 87' lang='lat' dir='ltr'>istorum</span> <span class='ocrx_word' id='word_1_18' title='bbox 1123 746 1333 809; x_wconf 79' lang='lat' dir='ltr'><strong>condensitas</strong></span> 
     </span>
     <span class='ocr_line' id='line_1_4' title="bbox 258 856 1335 936; baseline 0 -18"><span class='ocrx_word' id='word_1_19' title='bbox 258 857 383 919; x_wconf 85' lang='lat' dir='ltr'>crescit.</span> <span class='ocrx_word' id='word_1_20' title='bbox 406 857 439 919; x_wconf 88' lang='lat' dir='ltr'>Si</span> <span class='ocrx_word' id='word_1_21' title='bbox 461 857 552 920; x_wconf 89' lang='lat' dir='ltr'>enirn</span> <span class='ocrx_word' id='word_1_22' title='bbox 575 858 783 936; x_wconf 85' lang='lat' dir='ltr'>posuerimus</span> <span class='ocrx_word' id='word_1_23' title='bbox 806 856 1105 919; x_wconf 73' lang='lat' dir='ltr'>circumferentiam</span> <span class='ocrx_word' id='word_1_24' title='bbox 1120 857 1188 919; x_wconf 84' lang='lat' dir='ltr'>bad</span> <span class='ocrx_word' id='word_1_25' title='bbox 1203 856 1238 918; x_wconf 93' lang='lat' dir='ltr'>in</span> <span class='ocrx_word' id='word_1_26' title='bbox 1258 857 1335 918; x_wconf 89' lang='lat' dir='ltr'>suh·</span> 
     </span>
     <span class='ocr_line' id='line_1_5' title="bbox 260 965 1334 1048; baseline -0.001 -19"><span class='ocrx_word' id='word_1_27' title='bbox 260 967 359 1029; x_wconf 85' lang='lat' dir='ltr'>tiliori</span> <span class='ocrx_word' id='word_1_28' title='bbox 380 985 531 1048; x_wconf 89' lang='lat' dir='ltr'>corpore,</span> <span class='ocrx_word' id='word_1_29' title='bbox 554 975 587 1029; x_wconf 89' lang='lat' dir='ltr'>et</span> <span class='ocrx_word' id='word_1_30' title='bbox 608 969 675 1046; x_wconf 70' lang='lat' dir='ltr'>bod</span> <span class='ocrx_word' id='word_1_31' title='bbox 697 969 731 1028; x_wconf 92' lang='lat' dir='ltr'>in</span> <span class='ocrx_word' id='word_1_32' title='bbox 755 965 921 1046; x_wconf 84' lang='lat' dir='ltr'>grossiori,</span> <span class='ocrx_word' id='word_1_33' title='bbox 945 974 977 1028; x_wconf 91' lang='lat' dir='ltr'>et</span> <span class='ocrx_word' id='word_1_34' title='bbox 991 965 1259 1029; x_wconf 84' lang='lat' dir='ltr'>constituerimus</span> <span class='ocrx_word' id='word_1_35' title='bbox 1276 984 1334 1028; x_wconf 90' lang='lat' dir='ltr'>an·</span> 
     </span>
     <span class='ocr_line' id='line_1_6' title="bbox 260 1067 1334 1156; baseline 0.001 -18"><span class='ocrx_word' id='word_1_36' title='bbox 260 1076 374 1156; x_wconf 83' lang='lat' dir='ltr'>guium</span> <span class='ocrx_word' id='word_1_37' title='bbox 403 1095 464 1140; x_wconf 81' lang='lat' dir='ltr'>aaz</span> <span class='ocrx_word' id='word_1_38' title='bbox 491 1077 574 1138; x_wconf 91' lang='lat' dir='ltr'>sicut</span> <span class='ocrx_word' id='word_1_39' title='bbox 597 1084 667 1150; x_wconf 87' lang='lat' dir='ltr'>est,</span> <span class='ocrx_word' id='word_1_40' title='bbox 695 1094 770 1138; x_wconf 92' lang='lat' dir='ltr'>cum</span> <span class='ocrx_word' id='word_1_41' title='bbox 797 1075 951 1138; x_wconf 83' lang='lat' dir='ltr'>fueritin</span> <span class='ocrx_word' id='word_1_42' title='bbox 975 1067 1121 1139; x_wconf 81' lang='lat' dir='ltr'>sectione</span> <span class='ocrx_word' id='word_1_43' title='bbox 1149 1077 1218 1154; x_wconf 84' lang='lat' dir='ltr'>bpd</span> <span class='ocrx_word' id='word_1_44' title='bbox 1244 1092 1334 1155; x_wconf 86' lang='lat' dir='ltr'>gros·</span> 
     </span>
     <span class='ocr_line' id='line_1_7' title="bbox 260 1185 1333 1267; baseline 0 -19"><span class='ocrx_word' id='word_1_45' title='bbox 260 1188 328 1250; x_wconf 89' lang='lat' dir='ltr'>sius</span> <span class='ocrx_word' id='word_1_46' title='bbox 351 1205 469 1267; x_wconf 88' lang='lat' dir='ltr'>corpus</span> <span class='ocrx_word' id='word_1_47' title='bbox 491 1205 592 1266; x_wconf 91' lang='lat' dir='ltr'>quam</span> <span class='ocrx_word' id='word_1_48' title='bbox 614 1185 697 1248; x_wconf 94' lang='lat' dir='ltr'>illud</span> <span class='ocrx_word' id='word_1_49' title='bbox 720 1187 807 1265; x_wconf 90' lang='lat' dir='ltr'>quod</span> <span class='ocrx_word' id='word_1_50' title='bbox 829 1185 876 1248; x_wconf 89' lang='lat' dir='ltr'>ihi</span> <span class='ocrx_word' id='word_1_51' title='bbox 895 1194 975 1260; x_wconf 87' lang='lat' dir='ltr'>erat,</span> <span class='ocrx_word' id='word_1_52' title='bbox 990 1193 1204 1266; x_wconf 80' lang='lat' dir='ltr'>augmentum</span> <span class='ocrx_word' id='word_1_53' title='bbox 1217 1186 1333 1265; x_wconf 85' lang='lat' dir='ltr'>utique</span> 
     </span>
     <span class='ocr_line' id='line_1_8' title="bbox 260 1295 1334 1376; baseline -0.003 -17"><span class='ocrx_word' id='word_1_54' title='bbox 260 1298 331 1360; x_wconf 87' lang='lat' dir='ltr'>eius</span> <span class='ocrx_word' id='word_1_55' title='bbox 354 1315 452 1376; x_wconf 89' lang='lat' dir='ltr'>super</span> <span class='ocrx_word' id='word_1_56' title='bbox 475 1297 631 1376; x_wconf 81' lang='lat' dir='ltr'>angulum</span> <span class='ocrx_word' id='word_1_57' title='bbox 653 1297 719 1376; x_wconf 77' lang='lat' dir='ltr'>pals</span> <span class='ocrx_word' id='word_1_58' title='bbox 741 1296 803 1360; x_wconf 86' lang='lat' dir='ltr'>erit</span> <span class='ocrx_word' id='word_1_59' title='bbox 824 1303 903 1358; x_wconf 87' lang='lat' dir='ltr'>tunc</span> <span class='ocrx_word' id='word_1_60' title='bbox 916 1297 1098 1358; x_wconf 87' lang='lat' dir='ltr'>secundum</span> <span class='ocrx_word' id='word_1_61' title='bbox 1113 1295 1334 1358; x_wconf 83' lang='lat' dir='ltr'>differentiam</span> 
     </span>
     <span class='ocr_line' id='line_1_9' title="bbox 264 1405 1334 1487; baseline -0.002 -20"><span class='ocrx_word' id='word_1_62' title='bbox 264 1407 456 1470; x_wconf 79' lang='lat' dir='ltr'>subtilitatis</span> <span class='ocrx_word' id='word_1_63' title='bbox 471 1405 605 1469; x_wconf 88' lang='lat' dir='ltr'>alterius</span> <span class='ocrx_word' id='word_1_64' title='bbox 619 1424 793 1487; x_wconf 86' lang='lat' dir='ltr'>corporum</span> <span class='ocrx_word' id='word_1_65' title='bbox 811 1424 908 1486; x_wconf 87' lang='lat' dir='ltr'>super</span> <span class='ocrx_word' id='word_1_66' title='bbox 924 1405 1076 1482; x_wconf 80' lang='lat' dir='ltr'>altemm;</span> <span class='ocrx_word' id='word_1_67' title='bbox 1093 1405 1232 1484; x_wconf 87' lang='lat' dir='ltr'>angulus</span> <span class='ocrx_word' id='word_1_68' title='bbox 1245 1407 1334 1469; x_wconf 84' lang='lat' dir='ltr'>onim</span> 
     </span>
     <span class='ocr_line' id='line_1_10' title="bbox 258 1514 1335 1597; baseline -0.002 -18"><span class='ocrx_word' id='word_1_69' title='bbox 258 1536 421 1584; x_wconf 77' lang='lat' dir='ltr'>aeacum</span> <span class='ocrx_word' id='word_1_70' title='bbox 443 1517 598 1579; x_wconf 85' lang='lat' dir='ltr'>fueritin</span> <span class='ocrx_word' id='word_1_71' title='bbox 622 1535 696 1580; x_wconf 85' lang='lat' dir='ltr'>aere</span> <span class='ocrx_word' id='word_1_72' title='bbox 719 1517 815 1579; x_wconf 86' lang='lat' dir='ltr'>tertia</span> <span class='ocrx_word' id='word_1_73' title='bbox 836 1535 911 1597; x_wconf 82' lang='lat' dir='ltr'>pars</span> <span class='ocrx_word' id='word_1_74' title='bbox 933 1517 1013 1579; x_wconf 88' lang='lat' dir='ltr'>recti</span> <span class='ocrx_word' id='word_1_75' title='bbox 1037 1515 1172 1597; x_wconf 87' lang='lat' dir='ltr'>anguli,</span> <span class='ocrx_word' id='word_1_76' title='bbox 1195 1514 1335 1596; x_wconf 87' lang='lat' dir='ltr'>angulus</span> 
     </span>
     <span class='ocr_line' id='line_1_11' title="bbox 258 1614 1403 1707; baseline -0.002 -16"><span class='ocrx_word' id='word_1_77' title='bbox 258 1629 326 1706; x_wconf 70' lang='lat' dir='ltr'>pet</span> <span class='ocrx_word' id='word_1_78' title='bbox 347 1628 409 1690; x_wconf 89' lang='lat' dir='ltr'>erit</span> <span class='ocrx_word' id='word_1_79' title='bbox 429 1628 465 1688; x_wconf 92' lang='lat' dir='ltr'>in</span> <span class='ocrx_word' id='word_1_80' title='bbox 488 1645 574 1707; x_wconf 88' lang='lat' dir='ltr'>aqua</span> <span class='ocrx_word' id='word_1_81' title='bbox 594 1645 696 1707; x_wconf 87' lang='lat' dir='ltr'>prope</span> <span class='ocrx_word' id='word_1_82' title='bbox 714 1633 830 1706; x_wconf 85' lang='lat' dir='ltr'>quarta</span> <span class='ocrx_word' id='word_1_83' title='bbox 844 1643 919 1706; x_wconf 90' lang='lat' dir='ltr'>pars</span> <span class='ocrx_word' id='word_1_84' title='bbox 937 1627 1017 1690; x_wconf 87' lang='lat' dir='ltr'>recti</span> <span class='ocrx_word' id='word_1_85' title='bbox 1040 1625 1170 1706; x_wconf 88' lang='lat' dir='ltr'>anguli,</span> <span class='ocrx_word' id='word_1_86' title='bbox 1190 1629 1240 1703; x_wconf 83' lang='lat' dir='ltr'>(ia</span> <span class='ocrx_word' id='word_1_87' title='bbox 1255 1627 1335 1689; x_wconf 81' lang='lat' dir='ltr'>uitro</span> <span class='ocrx_word' id='word_1_88' title='bbox 1399 1614 1403 1627; x_wconf 19' lang='grc' dir='ltr'><strong>Κ</strong></span> 
     </span>
     <span class='ocr_line' id='line_1_12' title="bbox 258 1737 1336 1817; baseline -0.001 -18"><span class='ocrx_word' id='word_1_89' title='bbox 258 1755 348 1812; x_wconf 65' lang='lat' dir='ltr'>ooo,</span> <span class='ocrx_word' id='word_1_90' title='bbox 371 1737 478 1817; x_wconf 75' lang='lat' dir='ltr'>quicto</span> <span class='ocrx_word' id='word_1_91' title='bbox 501 1755 571 1816; x_wconf 81' lang='lat' dir='ltr'>pars</span> <span class='ocrx_word' id='word_1_92' title='bbox 598 1739 680 1799; x_wconf 80' lang='lat' dir='ltr'>recti</span> <span class='ocrx_word' id='word_1_93' title='bbox 693 1739 823 1816; x_wconf 79' lang='lat' dir='ltr'>cupuli)</span> <span class='ocrx_word' id='word_1_94' title='bbox 855 1743 886 1799; x_wconf 88' lang='lat' dir='ltr'>et</span> <span class='ocrx_word' id='word_1_95' title='bbox 907 1754 977 1798; x_wconf 92' lang='lat' dir='ltr'>uua</span> <span class='ocrx_word' id='word_1_96' title='bbox 1004 1737 1045 1798; x_wconf 89' lang='lat' dir='ltr'>de</span> <span class='ocrx_word' id='word_1_97' title='bbox 1068 1737 1235 1817; x_wconf 83' lang='lat' dir='ltr'>sexaginta</span> <span class='ocrx_word' id='word_1_98' title='bbox 1259 1753 1336 1817; x_wconf 86' lang='lat' dir='ltr'>par-</span> 
     </span>
     <span class='ocr_line' id='line_1_13' title="bbox 257 1834 1335 1927; baseline -0.001 -18"><span class='ocrx_word' id='word_1_99' title='bbox 257 1847 349 1910; x_wconf 85' lang='lat' dir='ltr'>tibus</span> <span class='ocrx_word' id='word_1_100' title='bbox 372 1848 467 1923; x_wconf 88' lang='lat' dir='ltr'>eius,</span> <span class='ocrx_word' id='word_1_101' title='bbox 489 1848 531 1909; x_wconf 90' lang='lat' dir='ltr'>ad</span> <span class='ocrx_word' id='word_1_102' title='bbox 553 1865 675 1927; x_wconf 87' lang='lat' dir='ltr'>prope,</span> <span class='ocrx_word' id='word_1_103' title='bbox 697 1853 730 1909; x_wconf 88' lang='lat' dir='ltr'>et</span> <span class='ocrx_word' id='word_1_104' title='bbox 752 1855 850 1908; x_wconf 87' lang='lat' dir='ltr'>erunt</span> <span class='ocrx_word' id='word_1_105' title='bbox 870 1846 925 1908; x_wconf 93' lang='lat' dir='ltr'>hic</span> <span class='ocrx_word' id='word_1_106' title='bbox 948 1845 1043 1909; x_wconf 85' lang='lat' dir='ltr'>flexio</span> <span class='ocrx_word' id='word_1_107' title='bbox 1066 1853 1098 1909; x_wconf 90' lang='lat' dir='ltr'>et</span> <span class='ocrx_word' id='word_1_108' title='bbox 1120 1834 1335 1926; x_wconf 84' lang='lat' dir='ltr'>augmentum</span> 
     </span>
     <span class='ocr_line' id='line_1_14' title="bbox 260 1955 1336 2038; baseline -0.001 -19"><span class='ocrx_word' id='word_1_109' title='bbox 260 1956 475 2038; x_wconf 88' lang='lat' dir='ltr'>angulorum,</span> <span class='ocrx_word' id='word_1_110' title='bbox 498 1958 556 2036; x_wconf 91' lang='lat' dir='ltr'>qui</span> <span class='ocrx_word' id='word_1_111' title='bbox 585 1957 770 2026; x_wconf 87' lang='lat' dir='ltr'>succedunt</span> <span class='ocrx_word' id='word_1_112' title='bbox 795 1963 918 2036; x_wconf 93' lang='lat' dir='ltr'>puncto</span> <span class='ocrx_word' id='word_1_113' title='bbox 941 1957 998 2036; x_wconf 88' lang='lat' dir='ltr'>qui</span> <span class='ocrx_word' id='word_1_114' title='bbox 1021 1973 1120 2036; x_wconf 88' lang='lat' dir='ltr'>super</span> <span class='ocrx_word' id='word_1_115' title='bbox 1142 1955 1249 2036; x_wconf 88' lang='lat' dir='ltr'>capita</span> <span class='ocrx_word' id='word_1_116' title='bbox 1270 1963 1336 2031; x_wconf 82' lang='lat' dir='ltr'>est,</span> 
     </span>
     <span class='ocr_line' id='line_1_15' title="bbox 243 2065 1335 2147; baseline -0.001 -17"><span class='ocrx_word' id='word_1_117' title='bbox 243 2068 402 2142; x_wconf 86' lang='lat' dir='ltr'>maiora,</span> <span class='ocrx_word' id='word_1_118' title='bbox 425 2067 583 2146; x_wconf 89' lang='lat' dir='ltr'>quoniam</span> <span class='ocrx_word' id='word_1_119' title='bbox 607 2066 790 2129; x_wconf 84' lang='lat' dir='ltr'>substantia</span> <span class='ocrx_word' id='word_1_120' title='bbox 811 2065 886 2127; x_wconf 87' lang='lat' dir='ltr'>vitri</span> <span class='ocrx_word' id='word_1_121' title='bbox 909 2065 1048 2146; x_wconf 85' lang='lat' dir='ltr'>spissior</span> <span class='ocrx_word' id='word_1_122' title='bbox 1068 2073 1119 2130; x_wconf 90' lang='lat' dir='ltr'>est</span> <span class='ocrx_word' id='word_1_123' title='bbox 1140 2082 1240 2147; x_wconf 83' lang='lat' dir='ltr'>quam</span> <span class='ocrx_word' id='word_1_124' title='bbox 1259 2066 1335 2129; x_wconf 81' lang='lat' dir='ltr'>sub·</span> 
     </span>
     <span class='ocr_line' id='line_1_16' title="bbox 260 2178 519 2258; baseline 0 -19"><span class='ocrx_word' id='word_1_125' title='bbox 260 2178 381 2241; x_wconf 88' lang='lat' dir='ltr'>stantia</span> <span class='ocrx_word' id='word_1_126' title='bbox 402 2195 519 2258; x_wconf 87' lang='lat' dir='ltr'>aquae.</span> 
     </span>
    </p>

    <p class='ocr_par' dir='ltr' id='par_1_2' title="bbox 259 2285 1338 3134">
     <span class='ocr_line' id='line_1_17' title="bbox 301 2285 1337 2365; baseline -0.002 -16"><span class='ocrx_word' id='word_1_127' title='bbox 301 2285 460 2349; x_wconf 86' lang='lat' dir='ltr'>Similiter</span> <span class='ocrx_word' id='word_1_128' title='bbox 486 2287 587 2350; x_wconf 87' lang='lat' dir='ltr'>etiam</span> <span class='ocrx_word' id='word_1_129' title='bbox 610 2287 637 2348; x_wconf 89' lang='lat' dir='ltr'>si</span> <span class='ocrx_word' id='word_1_130' title='bbox 660 2285 870 2365; x_wconf 87' lang='lat' dir='ltr'>posuerimus</span> <span class='ocrx_word' id='word_1_131' title='bbox 899 2285 1075 2349; x_wconf 85' lang='lat' dir='ltr'>flexionem</span> <span class='ocrx_word' id='word_1_132' title='bbox 1105 2285 1240 2349; x_wconf 86' lang='lat' dir='ltr'>alterius</span> <span class='ocrx_word' id='word_1_133' title='bbox 1260 2286 1337 2349; x_wconf 75' lang='lat' dir='ltr'>visi·</span> 
     </span>
     <span class='ocr_line' id='line_1_18' title="bbox 259 2392 1337 2476; baseline -0.001 -17"><span class='ocrx_word' id='word_1_134' title='bbox 259 2396 379 2459; x_wconf 90' lang='lat' dir='ltr'>hilium</span> <span class='ocrx_word' id='word_1_135' title='bbox 401 2397 571 2459; x_wconf 85' lang='lat' dir='ltr'>radiorum</span> <span class='ocrx_word' id='word_1_136' title='bbox 592 2397 628 2456; x_wconf 93' lang='lat' dir='ltr'>in</span> <span class='ocrx_word' id='word_1_137' title='bbox 651 2392 806 2459; x_wconf 83' lang='lat' dir='ltr'>distantia</span> <span class='ocrx_word' id='word_1_138' title='bbox 828 2395 931 2459; x_wconf 85' lang='lat' dir='ltr'>altera</span> <span class='ocrx_word' id='word_1_139' title='bbox 953 2414 1054 2476; x_wconf 87' lang='lat' dir='ltr'>quam</span> <span class='ocrx_word' id='word_1_140' title='bbox 1076 2396 1140 2458; x_wconf 84' lang='lat' dir='ltr'>ista</span> <span class='ocrx_word' id='word_1_141' title='bbox 1160 2415 1180 2459; x_wconf 88' lang='lat' dir='ltr'>a</span> <span class='ocrx_word' id='word_1_142' title='bbox 1201 2414 1337 2476; x_wconf 88' lang='lat' dir='ltr'>perpen-</span> 
     </span>
     <span class='ocr_line' id='line_1_19' title="bbox 261 2496 1337 2586; baseline -0.001 -19"><span class='ocrx_word' id='word_1_143' title='bbox 261 2505 399 2579; x_wconf 83' lang='lat' dir='ltr'>dicula1i</span> <span class='ocrx_word' id='word_1_144' title='bbox 420 2526 476 2581; x_wconf 83' lang='lat' dir='ltr'>aa,</span> <span class='ocrx_word' id='word_1_145' title='bbox 498 2513 536 2568; x_wconf 92' lang='lat' dir='ltr'>ut</span> <span class='ocrx_word' id='word_1_146' title='bbox 557 2506 640 2569; x_wconf 88' lang='lat' dir='ltr'>radii</span> <span class='ocrx_word' id='word_1_147' title='bbox 663 2496 734 2579; x_wconf 74' lang='lat' dir='ltr'>leis,</span> <span class='ocrx_word' id='word_1_148' title='bbox 757 2505 926 2586; x_wconf 87' lang='lat' dir='ltr'>proportio</span> <span class='ocrx_word' id='word_1_149' title='bbox 951 2507 1065 2585; x_wconf 90' lang='lat' dir='ltr'>utique</span> <span class='ocrx_word' id='word_1_150' title='bbox 1087 2507 1126 2570; x_wconf 85' lang='lat' dir='ltr'>ol</span> <span class='ocrx_word' id='word_1_151' title='bbox 1148 2507 1189 2568; x_wconf 91' lang='lat' dir='ltr'>ad</span> <span class='ocrx_word' id='word_1_152' title='bbox 1208 2523 1253 2568; x_wconf 79' lang='lat' dir='ltr'>oz</span> <span class='ocrx_word' id='word_1_153' title='bbox 1275 2507 1337 2568; x_wconf 88' lang='lat' dir='ltr'>erit</span> 
     </span>
     <span class='ocr_line' id='line_1_20' title="bbox 261 2605 1337 2696; baseline -0.001 -17"><span class='ocrx_word' id='word_1_154' title='bbox 261 2618 367 2679; x_wconf 85' lang='lat' dir='ltr'>maior</span> <span class='ocrx_word' id='word_1_155' title='bbox 389 2634 489 2696; x_wconf 85' lang='lat' dir='ltr'>quam</span> <span class='ocrx_word' id='word_1_156' title='bbox 511 2616 678 2696; x_wconf 85' lang='lat' dir='ltr'>proportio</span> <span class='ocrx_word' id='word_1_157' title='bbox 700 2615 745 2695; x_wconf 76' lang='lat' dir='ltr'>pls</span> <span class='ocrx_word' id='word_1_158' title='bbox 766 2617 807 2678; x_wconf 92' lang='lat' dir='ltr'>ad</span> <span class='ocrx_word' id='word_1_159' title='bbox 830 2617 891 2694; x_wconf 80' lang='lat' dir='ltr'>hp,</span> <span class='ocrx_word' id='word_1_160' title='bbox 910 2624 943 2678; x_wconf 89' lang='lat' dir='ltr'>et</span> <span class='ocrx_word' id='word_1_161' title='bbox 957 2616 1171 2695; x_wconf 86' lang='lat' dir='ltr'>permutatim</span> <span class='ocrx_word' id='word_1_162' title='bbox 1186 2605 1337 2696; x_wconf 63' lang='lat' dir='ltr'>erit&#39;pro·</span> 
     </span>
     <span class='ocr_line' id='line_1_21' title="bbox 261 2724 1338 2806; baseline -0.002 -18"><span class='ocrx_word' id='word_1_163' title='bbox 261 2728 367 2806; x_wconf 88' lang='lat' dir='ltr'>portio</span> <span class='ocrx_word' id='word_1_164' title='bbox 389 2727 427 2789; x_wconf 84' lang='lat' dir='ltr'>ol</span> <span class='ocrx_word' id='word_1_165' title='bbox 449 2727 491 2789; x_wconf 90' lang='lat' dir='ltr'>ad</span> <span class='ocrx_word' id='word_1_166' title='bbox 511 2726 559 2805; x_wconf 76' lang='lat' dir='ltr'>pls</span> <span class='ocrx_word' id='word_1_167' title='bbox 581 2726 687 2788; x_wconf 88' lang='lat' dir='ltr'>maior</span> <span class='ocrx_word' id='word_1_168' title='bbox 702 2743 803 2805; x_wconf 85' lang='lat' dir='ltr'>quam</span> <span class='ocrx_word' id='word_1_169' title='bbox 821 2725 988 2806; x_wconf 89' lang='lat' dir='ltr'>proportio</span> <span class='ocrx_word' id='word_1_170' title='bbox 1010 2745 1055 2787; x_wconf 78' lang='lat' dir='ltr'>oz</span> <span class='ocrx_word' id='word_1_171' title='bbox 1077 2726 1118 2789; x_wconf 90' lang='lat' dir='ltr'>ad</span> <span class='ocrx_word' id='word_1_172' title='bbox 1132 2725 1196 2804; x_wconf 75' lang='lat' dir='ltr'>ph,</span> <span class='ocrx_word' id='word_1_173' title='bbox 1220 2733 1252 2787; x_wconf 87' lang='lat' dir='ltr'>et</span> <span class='ocrx_word' id='word_1_174' title='bbox 1273 2724 1338 2787; x_wconf 89' lang='lat' dir='ltr'>dis·</span> 
     </span>
     <span class='ocr_line' id='line_1_22' title="bbox 262 2836 1336 2916; baseline -0.003 -18"><span class='ocrx_word' id='word_1_175' title='bbox 262 2838 404 2899; x_wconf 90' lang='lat' dir='ltr'>iunctim</span> <span class='ocrx_word' id='word_1_176' title='bbox 436 2836 499 2898; x_wconf 89' lang='lat' dir='ltr'>erit</span> <span class='ocrx_word' id='word_1_177' title='bbox 528 2836 693 2916; x_wconf 88' lang='lat' dir='ltr'>proportio</span> <span class='ocrx_word' id='word_1_178' title='bbox 717 2837 753 2898; x_wconf 81' lang='lat' dir='ltr'>lz</span> <span class='ocrx_word' id='word_1_179' title='bbox 775 2836 816 2898; x_wconf 90' lang='lat' dir='ltr'>ad</span> <span class='ocrx_word' id='word_1_180' title='bbox 840 2855 885 2898; x_wconf 84' lang='lat' dir='ltr'>oz</span> <span class='ocrx_word' id='word_1_181' title='bbox 911 2837 1018 2897; x_wconf 89' lang='lat' dir='ltr'>maior</span> <span class='ocrx_word' id='word_1_182' title='bbox 1044 2853 1143 2916; x_wconf 89' lang='lat' dir='ltr'>quam</span> <span class='ocrx_word' id='word_1_183' title='bbox 1169 2836 1336 2916; x_wconf 87' lang='lat' dir='ltr'>proportio</span> 
     </span>
     <span class='ocr_line' id='line_1_23' title="bbox 261 2944 1337 3026; baseline 0.001 -19"><span class='ocrx_word' id='word_1_184' title='bbox 261 2947 308 3007; x_wconf 73' lang='lat' dir='ltr'>leit</span> <span class='ocrx_word' id='word_1_185' title='bbox 330 2946 371 3008; x_wconf 91' lang='lat' dir='ltr'>ad</span> <span class='ocrx_word' id='word_1_186' title='bbox 393 2947 454 3026; x_wconf 78' lang='lat' dir='ltr'>hp,</span> <span class='ocrx_word' id='word_1_187' title='bbox 477 2953 509 3008; x_wconf 90' lang='lat' dir='ltr'>et</span> <span class='ocrx_word' id='word_1_188' title='bbox 531 2946 695 3026; x_wconf 75' lang='lat' dir='ltr'>proportio</span> <span class='ocrx_word' id='word_1_189' title='bbox 720 2948 756 3007; x_wconf 84' lang='lat' dir='ltr'>lz</span> <span class='ocrx_word' id='word_1_190' title='bbox 779 2946 820 3008; x_wconf 89' lang='lat' dir='ltr'>ad</span> <span class='ocrx_word' id='word_1_191' title='bbox 843 2944 889 3006; x_wconf 80' lang='lat' dir='ltr'>tt</span> <span class='ocrx_word' id='word_1_192' title='bbox 919 2946 1024 3009; x_wconf 87' lang='lat' dir='ltr'>maior</span> <span class='ocrx_word' id='word_1_193' title='bbox 1045 2964 1144 3026; x_wconf 90' lang='lat' dir='ltr'>quam</span> <span class='ocrx_word' id='word_1_194' title='bbox 1169 2945 1337 3026; x_wconf 90' lang='lat' dir='ltr'>proportio</span> 
     </span>
     <span class='ocr_line' id='line_1_24' title="bbox 262 3055 1337 3134; baseline -0.003 -16"><span class='ocrx_word' id='word_1_195' title='bbox 262 3075 306 3118; x_wconf 81' lang='lat' dir='ltr'>zo</span> <span class='ocrx_word' id='word_1_196' title='bbox 328 3056 370 3119; x_wconf 90' lang='lat' dir='ltr'>ad</span> <span class='ocrx_word' id='word_1_197' title='bbox 391 3057 447 3134; x_wconf 81' lang='lat' dir='ltr'>pit.</span> <span class='ocrx_word' id='word_1_198' title='bbox 471 3055 630 3118; x_wconf 89' lang='lat' dir='ltr'>Possibile</span> <span class='ocrx_word' id='word_1_199' title='bbox 653 3063 703 3118; x_wconf 90' lang='lat' dir='ltr'>est</span> <span class='ocrx_word' id='word_1_200' title='bbox 724 3063 833 3118; x_wconf 90' lang='lat' dir='ltr'>autem</span> <span class='ocrx_word' id='word_1_201' title='bbox 857 3056 953 3118; x_wconf 86' lang='lat' dir='ltr'>nohis</span> <span class='ocrx_word' id='word_1_202' title='bbox 975 3055 1106 3134; x_wconf 88' lang='lat' dir='ltr'>singula</span> <span class='ocrx_word' id='word_1_203' title='bbox 1127 3057 1266 3117; x_wconf 86' lang='lat' dir='ltr'>istorum</span> <span class='ocrx_word' id='word_1_204' title='bbox 1286 3055 1337 3116; x_wconf 91' lang='lat' dir='ltr'>di-</span> 
     </span>
    </p>
   </div>
   <div class='ocr_carea' id='block_1_2' title="bbox 262 3157 1436 3245">
    <p class='ocr_par' dir='ltr' id='par_1_3' title="bbox 262 3157 1436 3245">
     <span class='ocr_line' id='line_1_25' title="bbox 262 3157 1436 3245; baseline -0.003 -18"><span class='ocrx_word' id='word_1_205' title='bbox 262 3178 424 3245; x_wconf 85' lang='lat' dir='ltr'>gnoscere</span> <span class='ocrx_word' id='word_1_206' title='bbox 443 3183 481 3228; x_wconf 85' lang='lat' dir='ltr'>ex</span> <span class='ocrx_word' id='word_1_207' title='bbox 503 3165 812 3245; x_wconf 87' lang='lat' dir='ltr'>quantitatibus,·in</span> <span class='ocrx_word' id='word_1_208' title='bbox 836 3166 955 3245; x_wconf 88' lang='lat' dir='ltr'>quibus</span> <span class='ocrx_word' id='word_1_209' title='bbox 977 3165 1166 3227; x_wconf 85' lang='lat' dir='ltr'>invenimus</span> <span class='ocrx_word' id='word_1_210' title='bbox 1182 3164 1337 3227; x_wconf 80' lang='lat' dir='ltr'>flexiones</span> <span class='ocrx_word' id='word_1_211' title='bbox 1433 3157 1436 3161; x_wconf 74' lang='grc'><strong>’</strong></span> 
     </span>
    </p>
   </div>
   <div class='ocr_carea' id='block_1_3' title="bbox 261 3275 1339 4129">
    <p class='ocr_par' dir='ltr' id='par_1_4' title="bbox 261 3275 1337 3669">
     <span class='ocr_line' id='line_1_26' title="bbox 263 3275 1337 3355; baseline 0 -18"><span class='ocrx_word' id='word_1_212' title='bbox 263 3276 354 3353; x_wconf 87' lang='lat' dir='ltr'>lieri,</span> <span class='ocrx_word' id='word_1_213' title='bbox 383 3275 412 3336; x_wconf 90' lang='lat' dir='ltr'>si</span> <span class='ocrx_word' id='word_1_214' title='bbox 440 3275 678 3355; x_wconf 88' lang='lat' dir='ltr'>sumpserimus</span> <span class='ocrx_word' id='word_1_215' title='bbox 708 3275 904 3337; x_wconf 88' lang='lat' dir='ltr'>constitutos</span> <span class='ocrx_word' id='word_1_216' title='bbox 934 3291 1111 3348; x_wconf 88' lang='lat' dir='ltr'>numeros,</span> <span class='ocrx_word' id='word_1_217' title='bbox 1143 3282 1176 3337; x_wconf 88' lang='lat' dir='ltr'>et</span> <span class='ocrx_word' id='word_1_218' title='bbox 1202 3292 1259 3354; x_wconf 89' lang='lat' dir='ltr'>per</span> <span class='ocrx_word' id='word_1_219' title='bbox 1280 3291 1337 3337; x_wconf 83' lang='lat' dir='ltr'>eos</span> 
     </span>
     <span class='ocr_line' id='line_1_27' title="bbox 261 3374 1336 3465; baseline -0.004 -17"><span class='ocrx_word' id='word_1_220' title='bbox 261 3384 613 3465; x_wconf 82' lang='lat' dir='ltr'>comprehenderimus</span> <span class='ocrx_word' id='word_1_221' title='bbox 636 3385 784 3465; x_wconf 91' lang='lat' dir='ltr'>singulas</span> <span class='ocrx_word' id='word_1_222' title='bbox 807 3385 999 3448; x_wconf 88' lang='lat' dir='ltr'>huiusmodi</span> <span class='ocrx_word' id='word_1_223' title='bbox 1021 3391 1147 3458; x_wconf 87' lang='lat' dir='ltr'>metas,</span> <span class='ocrx_word' id='word_1_224' title='bbox 1174 3374 1336 3464; x_wconf 83' lang='lat' dir='ltr'>ponentes</span> 
     </span>
     <span class='ocr_line' id='line_1_28' title="bbox 262 3493 1336 3574; baseline 0 -18"><span class='ocrx_word' id='word_1_225' title='bbox 262 3513 440 3570; x_wconf 88' lang='lat' dir='ltr'>numeros,</span> <span class='ocrx_word' id='word_1_226' title='bbox 468 3496 652 3558; x_wconf 88' lang='lat' dir='ltr'>secundum</span> <span class='ocrx_word' id='word_1_227' title='bbox 666 3550 668 3555; x_wconf 88' lang='lat'><em>.</em></span> <span class='ocrx_word' id='word_1_228' title='bbox 682 3495 771 3574; x_wconf 88' lang='lat' dir='ltr'>quod</span> <span class='ocrx_word' id='word_1_229' title='bbox 797 3495 956 3568; x_wconf 87' lang='lat' dir='ltr'>fecimus,</span> <span class='ocrx_word' id='word_1_230' title='bbox 984 3496 1019 3556; x_wconf 92' lang='lat' dir='ltr'>in</span> <span class='ocrx_word' id='word_1_231' title='bbox 1043 3493 1171 3557; x_wconf 85' lang='lat' dir='ltr'>duabus</span> <span class='ocrx_word' id='word_1_232' title='bbox 1194 3494 1336 3557; x_wconf 80' lang='lat' dir='ltr'>circum·</span> 
     </span>
     <span class='ocr_line' id='line_1_29' title="bbox 262 3606 1297 3669; baseline 0 -2"><span class='ocrx_word' id='word_1_233' title='bbox 262 3606 412 3668; x_wconf 84' lang='lat' dir='ltr'>ferentiis</span> <span class='ocrx_word' id='word_1_234' title='bbox 434 3623 478 3667; x_wconf 79' lang='lat' dir='ltr'>oz</span> <span class='ocrx_word' id='word_1_235' title='bbox 499 3608 600 3669; x_wconf 84' lang='lat' dir='ltr'>et&#39;ot.</span> <span class='ocrx_word' id='word_1_236' title='bbox 1294 3612 1297 3621; x_wconf 88' lang='grc'><strong>“</strong></span> 
     </span>
    </p>

    <p class='ocr_par' dir='ltr' id='par_1_5' title="bbox 262 3713 1339 4129">
     <span class='ocr_line' id='line_1_30' title="bbox 279 3713 1337 3797; baseline 0.001 -20"><span class='ocrx_word' id='word_1_237' title='bbox 279 3758 281 3763; x_wconf 90' lang='grc'>-</span> <span class='ocrx_word' id='word_1_238' title='bbox 303 3715 367 3777; x_wconf 84' lang='lat' dir='ltr'>Sed</span> <span class='ocrx_word' id='word_1_239' title='bbox 389 3714 516 3795; x_wconf 71' lang='lat' dir='ltr'>siquis</span> <span class='ocrx_word' id='word_1_240' title='bbox 538 3716 732 3797; x_wconf 88' lang='lat' dir='ltr'>opposuerit</span> <span class='ocrx_word' id='word_1_241' title='bbox 753 3717 882 3791; x_wconf 86' lang='lat' dir='ltr'>dicens,</span> <span class='ocrx_word' id='word_1_242' title='bbox 905 3734 971 3796; x_wconf 88' lang='lat' dir='ltr'>qua</span> <span class='ocrx_word' id='word_1_243' title='bbox 993 3717 1033 3779; x_wconf 91' lang='lat' dir='ltr'>de</span> <span class='ocrx_word' id='word_1_244' title='bbox 1056 3733 1157 3780; x_wconf 87' lang='lat' dir='ltr'>causa</span> <span class='ocrx_word' id='word_1_245' title='bbox 1170 3715 1205 3778; x_wconf 89' lang='lat' dir='ltr'>in</span> <span class='ocrx_word' id='word_1_246' title='bbox 1222 3713 1337 3797; x_wconf 88' lang='lat' dir='ltr'>primis</span> 
     </span>
     <span class='ocr_line' id='line_1_31' title="bbox 262 3810 1337 3908; baseline 0 -21"><span class='ocrx_word' id='word_1_247' title='bbox 262 3827 455 3906; x_wconf 76' lang='lat' dir='ltr'>praetaxatis</span> <span class='ocrx_word' id='word_1_248' title='bbox 477 3825 649 3907; x_wconf 87' lang='lat' dir='ltr'>principiis</span> <span class='ocrx_word' id='word_1_249' title='bbox 671 3827 711 3889; x_wconf 86' lang='lat' dir='ltr'>de</span> <span class='ocrx_word' id='word_1_250' title='bbox 734 3824 1061 3908; x_wconf 85' lang='lat' dir='ltr'>perpendicularibus</span> <span class='ocrx_word' id='word_1_251' title='bbox 1083 3833 1116 3890; x_wconf 90' lang='lat' dir='ltr'>et</span> <span class='ocrx_word' id='word_1_252' title='bbox 1134 3810 1337 3907; x_wconf 85' lang='lat' dir='ltr'>apparitione</span> 
     </span>
     <span class='ocr_line' id='line_1_32' title="bbox 263 3919 1339 4010; baseline 0.003 -14"><span class='ocrx_word' id='word_1_253' title='bbox 263 3935 492 4003; x_wconf 82' lang='lat' dir='ltr'>reividendae</span> <span class='ocrx_word' id='word_1_254' title='bbox 515 3937 698 4000; x_wconf 89' lang='lat' dir='ltr'>secundum</span> <span class='ocrx_word' id='word_1_255' title='bbox 720 3936 937 4000; x_wconf 87' lang='lat' dir='ltr'>directionem</span> <span class='ocrx_word' id='word_1_256' title='bbox 960 3919 1100 3999; x_wconf 88' lang='lat' dir='ltr'>visibilis</span> <span class='ocrx_word' id='word_1_257' title='bbox 1122 3933 1222 4010; x_wconf 85' lang='lat' dir='ltr'>radii,</span> <span class='ocrx_word' id='word_1_258' title='bbox 1245 3952 1339 4000; x_wconf 79' lang='lat' dir='ltr'>coac·</span> 
     </span>
     <span class='ocr_line' id='line_1_33' title="bbox 264 4044 1337 4129; baseline 0.006 -23"><span class='ocrx_word' id='word_1_259' title='bbox 264 4051 386 4129; x_wconf 76' lang='lat' dir='ltr'>quatur</span> <span class='ocrx_word' id='word_1_260' title='bbox 414 4045 495 4108; x_wconf 85' lang='lat' dir='ltr'>haec</span> <span class='ocrx_word' id='word_1_261' title='bbox 517 4046 643 4128; x_wconf 83' lang='lat' dir='ltr'>species</span> <span class='ocrx_word' id='word_1_262' title='bbox 666 4045 833 4110; x_wconf 81' lang='lat' dir='ltr'>fractionis</span> <span class='ocrx_word' id='word_1_263' title='bbox 856 4064 958 4128; x_wconf 80' lang='lat' dir='ltr'>quem</span> <span class='ocrx_word' id='word_1_264' title='bbox 981 4045 1147 4124; x_wconf 82' lang='lat' dir='ltr'>diximus,</span> <span class='ocrx_word' id='word_1_265' title='bbox 1170 4044 1337 4112; x_wconf 73' lang='lat' dir='ltr'>stractio</span> 
     </span>
    </p>
   </div>
   <div class='ocr_carea' id='block_1_4' title="bbox 0 0 1649 5364">
    <p class='ocr_par' dir='ltr' id='par_1_6' title="bbox 0 0 1649 5364">
     <span class='ocr_line' id='line_1_34' title="bbox 0 0 1649 5364; baseline 0 0"><span class='ocrx_word' id='word_1_266' title='bbox 0 0 1649 5364; x_wconf 95' lang='lat' dir='ltr'> </span> 
     </span>
    </p>
   </div>
  </div>
 </body>
</html>
