3278 5364
1295 530 1334 591 27

257 640 454 705 sensibilem
475 643 713 723 quantitatem,
744 649 801 705 aut
820 642 987 706 videbitur
1008 641 1159 721 aequalis
1182 641 1235 714 ei,
1257 657 1334 703 eum

257 751 432 815 diversitas
454 752 490 814 in
513 754 581 816 situ
601 752 702 816 fuerit
723 751 939 816 insensibilis.
974 752 1106 816 Videtur
1133 757 1247 815 autem
1276 748 1333 825 id,

258 863 348 941 quod
370 879 408 926 ex
429 862 672 927 consuetudine
693 862 742 938 fit,
764 863 799 925 in
822 879 981 926 mensura
1003 863 1141 925 istarum
1163 876 1277 924 rerum
1294 860 1336 923 ad

260 972 416 1046 invicem,
439 991 477 1037 ex
499 974 656 1053 opinione
678 973 864 1055 procedere,
887 990 956 1036 non
979 991 1018 1036 ex
1039 979 1158 1037 natura
1173 972 1256 1034 situs
1272 988 1334 1033 ne-

258 1100 325 1163 que
348 1083 532 1148 distantiae.
555 1083 636 1147 Cum
658 1084 748 1146 enim
770 1083 934 1164 quaedam
949 1081 1151 1147 sensibilitas
1166 1083 1205 1144 fit
1219 1099 1258 1145 ex
1272 1099 1334 1145 an-

258 1192 369 1272 gulis,
398 1200 431 1257 et
455 1193 611 1258 videntur
633 1196 796 1276 quaedam
816 1213 870 1258 res
892 1192 1055 1276 proclives
1078 1193 1273 1268 existentes,
1303 1198 1337 1255 ot

260 1303 424 1384 quaedam
453 1310 620 1380 remotae,
651 1312 683 1369 et
712 1304 868 1385 quislibet
889 1306 1046 1385 opinetur
1066 1319 1337 1384 unamquamque
1420 1300 1423 1307 “

256 1413 400 1501 istarum
421 1415 587 1478 minorem
611 1432 696 1491 esse,
719 1415 870 1494 quamvls
892 1415 935 1477 sit
956 1433 1040 1491 una,
1062 1414 1098 1477 in
1122 1421 1257 1496 aspectu
1278 1432 1336 1476 au-

260 1531 329 1588 tem
357 1542 424 1588 non
454 1525 645 1590 inveniatur
674 1525 777 1590 alteia
802 1525 914 1589 minor
935 1524 1060 1601 altera,
1082 1525 1140 1589 sed
1164 1523 1337 1606 aequalis,

259 1635 488 1698 existimamus
510 1654 613 1699 unam
636 1654 674 1700 ex
695 1637 743 1700 eis
766 1635 929 1701 maiorem
952 1655 1046 1714 esse;
1077 1635 1237 1715 quoniam
1259 1652 1337 1697 cum

258 1745 432 1809 diversitas
453 1746 665 1828 proclivitatis
689 1753 722 1811 et
743 1746 917 1812 distantiae
936 1747 1037 1811 fuerit
1051 1744 1267 1821 insensibilis,
1283 1762 1338 1825 ap·

258 1863 379 1938 parent
407 1857 493 1921 duae
521 1875 575 1922 res
603 1857 778 1939 aequales;
809 1866 843 1923 et
869 1876 945 1922 cum
967 1858 1067 1923 fuerit
1088 1856 1279 1932 sensibilis,
1300 1854 1338 1918 fit

259 1967 389 2032 diverso
411 1968 523 2032 modo.

301 2077 409 2143 Veluti
431 2079 461 2141 si
482 2079 517 2141 in
539 2079 646 2158 figura
661 2077 728 2160 (fig.
746 2081 799 2158 9),
821 2080 857 2144 in
876 2097 943 2160 qua
959 2086 1029 2142 erat
1042 2079 1133 2143 idem
1148 2079 1243 2154 situs,
1259 2094 1336 2142 oon·

260 2188 467 2253 stituerimus
500 2207 640 2271 parvum
669 2189 850 2270 angulum,
879 2206 980 2269 quem
1009 2191 1202 2253 contineant
1229 2188 1338 2253 lineae

259 2301 356 2376 bae,
378 2301 458 2377 etlc,
480 2317 611 2382 semper
632 2300 747 2381 utique
769 2300 937 2365 videbitur
957 2301 1152 2380 magnitudo
1166 2302 1215 2378 qd
1231 2299 1340 2362 maior

261 2428 364 2491 quam
385 2419 444 2488 st,
474 2413 634 2492 quoniam
659 2413 818 2475 remotior
839 2418 909 2488 est,
940 2419 973 2476 et
994 2410 1158 2492 angulus,
1181 2411 1241 2493 qui
1264 2428 1338 2474 eam

262 2522 428 2596 continet,
458 2522 576 2586 maior.
608 2502 728 2587 Verum
753 2524 806 2587 ltlr
833 2539 1019 2604 numquam
1046 2521 1211 2586 ridebitur
1230 2520 1340 2583 maior

261 2646 364 2710 quam
385 2631 448 2705 ab,
475 2647 554 2693 oum
575 2631 610 2694 id
633 2631 724 2713 quod
745 2648 784 2695 ex
806 2631 927 2712 angulo
948 2630 1121 2712 provenit,
1149 2648 1217 2695 non
1239 2646 1338 2709 supe·
1410 2614 1421 2631 ”

260 2746 353 2805 ratur
374 2741 416 2843 qb
438 2758 478 2805 eo
504 2741 594 2823 quod
615 2760 655 2806 ex
675 2742 830 2806 distantia
855 2747 995 2806 tantum.
1026 2740 1199 2807 videbitur
1226 2746 1339 2804 autern

261 2851 374 2915 minor
390 2851 508 2927 altera,
530 2869 607 2914 cum
630 2851 800 2916 diversitas
821 2853 909 2917 inter
929 2861 1088 2933 utrasque
1106 2851 1292 2925 distantias,
1308 2856 1341 2913 et

263 2962 433 3025 diversitas
462 2979 548 3042 quae
576 2971 625 3026 est
653 2963 740 3027 inter
762 2964 921 3043 angulos,
949 2962 1129 3027 habuerint
1149 2961 1340 3026 sensibilem

262 3073 501 3152 quantitatem,
521 3073 580 3136 sed
601 3090 677 3136 cum
700 3091 768 3138 non
790 3073 970 3137 habuerint
990 3073 1184 3138 sensibilem
1207 3071 1339 3153 quanti-

264 3189 381 3259 tatem,
403 3183 490 3246 sicut
510 3183 618 3264 primo
640 3184 841 3265 videbuntur
863 3183 1029 3264 aequales.
1310 3172 1312 3176 ¹

235 3372 247 3391 ·
305 3295 429 3357 Rursus
451 3295 691 3358 constituamus
714 3296 750 3358 in
772 3295 878 3375 figura
901 3295 965 3374 (fig.
992 3292 1059 3371 tot,
1076 3294 1110 3357 in
1129 3310 1196 3373 qua
1212 3297 1281 3356 erat
1295 3291 1341 3355 di·

263 3405 386 3469 stantia
400 3404 517 3468 eadem
532 3411 566 3468 et
578 3407 698 3485 positio
720 3404 861 3482 diversa,
883 3422 1024 3488 parvum
1047 3402 1219 3484 angulum,
1239 3420 1341 3483 quem

266 3517 460 3580 contineant
479 3517 559 3592 late,
581 3518 665 3593 calu·
696 3516 891 3597 magnitudo
919 3532 996 3595 ergo
1021 3500 1073 3597 qd'
1094 3532 1225 3596 semper
1250 3514 1341 3577 vide·

264 3625 355 3690 bitur
382 3628 491 3690 maior
518 3643 619 3707 quam
639 3626 711 3701 ab,
733 3627 912 3693 conferunt
933 3628 1025 3690 enim
1047 3627 1079 3691 ei
1104 3633 1143 3689 ut
1162 3625 1271 3688 maior
1293 3623 1341 3687 vi·

265 3738 399 3814 destun,
421 3738 615 3818 magnitudo
639 3737 774 3820 anguli,
798 3737 977 3803 declinatio
999 3739 1082 3801 situs
1105 3736 1148 3802 ad
1169 3737 1276 3813 latus3
1299 3734 1343 3796 tt

266 3855 377 3912 autem
399 3866 584 3929 numquam
606 3849 772 3912 videbitur
794 3849 901 3912 maior
923 3865 1025 3930 quam
1040 3849 1095 3924 cb,
1111 3846 1191 3928 quia
1202 3847 1237 3909 id
1252 3844 1342 3925 quod

264 3961 417 4041 provenit
437 3978 476 4023 ex
497 3958 638 4041 angulo,
660 3976 728 4023 non
750 3965 925 4040 superatur
946 3958 987 4022 ab
1011 3977 1065 4036 eo,
1087 3958 1178 4039 quod
1192 3957 1344 4038 provenit

267 4086 305 4134 ar
324 4071 392 4135 situ
412 4076 553 4136 tantum.
586 4071 757 4136 videbitur
779 4077 892 4136 autem
913 4068 1046 4147 minor,
1069 4085 1147 4133 cum
1169 4067 1342 4134 diversitas
