3278 5364
323 533 363 597 to

322 644 435 718 ricem,
457 659 516 724 per
536 641 747 722 superficiem
770 636 868 703 totius
889 638 990 703 basis.
1012 638 1119 704 Sentit
1141 645 1258 705 autem
1274 646 1398 706 rectem

321 753 460 828 lineam,
477 771 553 816 cum
572 751 744 832 longitudo
762 750 888 825 linoae,
908 768 994 831 quse
1010 758 1060 814 est
1075 751 1163 816 inter
1177 752 1398 816 extremitates

323 866 490 928 radiorum
511 863 616 938 visus,
638 860 739 937 berit
761 868 895 925 extensa
917 866 1042 942 quanto
1063 861 1171 942 magis
1192 862 1324 926 extendi
1342 880 1399 943 po·

322 981 397 1049 test,
421 981 454 1038 et
474 974 549 1037 ideo
571 978 661 1036 recte
682 971 770 1036 linea
792 970 863 1034 sola
883 971 969 1034 iacta
990 977 1041 1036 est
1058 972 1170 1035 minor
1185 973 1346 1036 omnibus
1360 970 1398 1036 li-

321 1085 409 1160 neis,
431 1102 515 1165 quae
537 1084 707 1147 continent
727 1082 904 1158 terminos,
928 1080 1058 1147 ethaeo
1071 1087 1121 1147 est
1135 1081 1298 1147 naturalis
1312 1084 1397 1147 ratio

322 1196 362 1259 de
384 1204 474 1260 recta
487 1195 585 1258 linea.
601 1194 744 1274 Ideoque
759 1192 966 1256 rationamur
979 1193 1020 1257 de
1034 1193 1137 1256 rebus
1156 1192 1269 1268 rectis,
1290 1193 1398 1274 primo

323 1307 458 1388 quidem
480 1323 540 1386 per
560 1321 713 1385 corpore,
736 1320 879 1383 quorum
900 1310 1009 1384 partes
1031 1302 1160 1367 similes
1182 1311 1287 1380 sunt,
1314 1320 1399 1384 quse

324 1420 440 1496 utique
462 1414 670 1479 extendimus
686 1420 811 1495 quanto
827 1415 933 1494 magis
947 1430 1136 1495 possumus,
1157 1419 1196 1476 ut
1217 1413 1356 1495 capillos
1370 1421 1402 1478 ct

325 1528 381 1590 lile
393 1525 466 1603 lini3
486 1524 641 1588 similiter
656 1525 756 1588 etiam
774 1541 833 1605 per
846 1523 976 1605 regulas
991 1530 1025 1587 et
1040 1525 1198 1606 dioptrae,
1213 1530 1249 1588 et
1261 1525 1299 1588 id
1312 1526 1413 1605 quod·

322 1645 371 1701 est
393 1643 538 1701 erectum
553 1653 655 1716 penes
671 1637 864 1698 orizontem.
887 1633 1035 1697 Sentitur
1053 1640 1165 1698 sutem
1182 1651 1285 1698 curse
1300 1633 1399 1709 linco,

308 1747 456 1828 ,quando
479 1765 594 1810 omnes
616 1746 701 1810 redii
723 1746 830 1820 visus,
853 1746 913 1826 qui
933 1762 1034 1826 super
1055 1762 1130 1809 eum
1150 1745 1298 1821 cedunt,
1322 1764 1398 1810 con·

322 1857 428 1922 tinent
454 1848 530 1921 eam
556 1874 633 1920 cum
666 1853 768 1920 altera
794 1873 862 1918 una
889 1861 923 1920 et
944 1852 1173 1919 ecdem'lines
1193 1855 1237 1919 ed
1259 1856 1398 1936 angulos

323 1966 477 2049 aequales
499 1968 535 2029 in
557 1966 663 2048 eapite
685 1966 874 2048 pyramidis,
898 1971 931 2029 et
947 1966 1020 2047 ipsc
1039 1964 1130 2028 lines
1150 1966 1340 2047 pervenerit
1359 1967 1400 2031 sd

323 2086 473 2143 centrum
489 2078 614 2142 circuli.
629 2079 755 2141 Rursus
771 2075 964 2158 superficies
978 2074 1079 2157 plena
1092 2076 1253 2154 sentitur,
1267 2077 1399 2159 quande

322 2207 381 2268 per
407 2193 509 2251 totam
528 2188 674 2266 lesem,
703 2205 804 2268 super
836 2203 937 2266 quam
964 2186 1089 2249 cudunt
1114 2185 1265 2250 visibiles
1290 2186 1397 2262 redii,

323 2304 517 2378 coaptantur
526 2304 634 2362 rectae
644 2297 752 2364 lineae
761 2296 920 2377 undiquc.
928 2295 1074 2360 Sentitur
1083 2302 1196 2360 sutem
1207 2297 1399 2378 superficies

324 2410 506 2490 sphaerica,
522 2427 598 2472 cum
621 2409 770 2490 undique
788 2412 958 2488 coaptatae
973 2407 1099 2472 fuerint
1114 2407 1400 2473 circumferentiae

323 2537 422 2598 super
443 2537 560 2582 omnes
582 2525 692 2599 partes
717 2517 817 2580 basis.
838 2520 979 2598 Apparet
1000 2533 1136 2599 quoque
1157 2517 1257 2581 nobis
1280 2536 1400 2599 snper-

323 2630 415 2693 ficies
444 2635 500 2692 eut
526 2629 616 2692 linea
645 2645 810 2703 concava,
839 2645 917 2691 cum
944 2628 1047 2691 fuerit
1067 2628 1238 2709 proportio
1258 2628 1400 2692 visibilis

323 2738 408 2803 radii
432 2739 472 2802 ad
496 2746 601 2803 rectos
625 2737 766 2818 angulos
788 2737 966 2802 incidentis
987 2737 1096 2801 maior
1117 2738 1160 2801 ed
1181 2736 1337 2820 obliquos
1351 2756 1400 2803 rs·

322 2848 411 2924 dios,
433 2866 534 2928 quam
557 2849 725 2930 proportio
748 2847 975 2912 consimilium
995 2848 1167 2912 radiorum
1191 2848 1233 2914 de
1253 2848 1320 2925 his,
1342 2847 1400 2931 qui

324 2960 447 3022 cedunt
467 2977 567 3041 super
582 2960 714 3040 planem
729 2959 952 3040 superficiem,
969 2965 1028 3023 aut
1042 2976 1144 3041 super
1158 2964 1266 3023 rectas
1281 2959 1398 3037 lineum

323 3077 356 3133 et
377 3075 513 3150 apparet
533 3070 630 3133 nobis
652 3088 763 3144 curva,
785 3086 862 3132 cum
885 3070 1053 3151 proportio
1075 3068 1178 3133 fuerit
1192 3069 1316 3135 minor.
1331 3070 1396 3135 llse

323 3176 436 3243 eutem
459 3180 544 3244 duae
567 3180 693 3260 figurae
715 3180 804 3244 idem
826 3185 915 3255 sunt,
931 3186 964 3244 et
981 3196 1203 3261 unaquaeqne
1225 3198 1344 3245 esrum
1359 3180 1398 3244 sd

322 3291 460 3353 alteram
481 3290 581 3354 hahet
594 3288 738 3354 similem
755 3290 1012 3372 proportionem,
1027 3297 1174 3371 suntque
1189 3291 1232 3354 de
1244 3290 1300 3355 his
1313 3308 1398 3372 quse

321 3406 481 3463 vocantur
495 3398 640 3474 relativa,
660 3409 695 3463 ut
708 3417 863 3464 ascensus
881 3407 915 3464 et
928 3400 1113 3474 discensus,
1128 3406 1162 3463 et
1175 3418 1397 3483 unaquaeque

323 3528 438 3574 earum
460 3517 630 3591 coaptetur
644 3529 744 3590 super
759 3509 912 3585 alteram,
927 3527 1027 3574 curve
1047 3510 1182 3590 quidem
1204 3528 1397 3595 supercon-

322 3637 454 3695 cavam,
478 3627 511 3683 et
532 3637 676 3685 concava
690 3638 791 3701 super
811 3638 963 3699 curvam,
980 3619 1070 3701 quod
1088 3620 1181 3685 enim
1196 3613 1400 3689 extrinsecus

322 3731 488 3805 continet,
523 3737 573 3793 est
593 3747 777 3794 concavum
806 3730 992 3810 quoddcm3
1021 3736 1216 3795 contentum
1243 3750 1325 3796 vere
1353 3739 1401 3797 est

322 3836 474 3904 curvum.¹
500 3839 658 3902 Similiter
679 3847 790 3904 autem
813 3858 866 3904 res
888 3858 1051 3904 concavae
1072 3839 1398 3921 comprehenduntur

323 3967 382 4030 per
402 3933 595 4032 superficies
609 3950 741 4014 basium
759 3968 944 4028 curvarum,
958 3958 990 4015 et
1002 3968 1124 4015 curvae
1136 3968 1195 4034 per
1205 3952 1399 4034 superficies

322 4059 455 4125 basium
477 4079 718 4138 concaverum,
746 4061 959 4151 utpoteillce
981 4078 1067 4144 quae
1088 4068 1178 4126 tectu
1198 4062 1400 4127 sentiuntur.
