3278 5364
1280 531 1318 592 53

260 657 346 719 quae
372 646 528 720 apparent
552 657 610 718 per
636 637 774 718 angulos
798 639 971 718 aequales,
994 658 1069 703 cum
1100 641 1319 719 quarumdam

260 766 376 813 earum
397 736 568 813 distantiae
590 749 714 811 fuerint
735 749 890 812 maiores.

302 858 426 923 Accidit
450 850 551 923 etiam
575 856 678 921 simili
705 858 804 921 modo
825 858 953 922 fallacia
973 859 1008 922 in
1031 859 1163 940 figuris,
1187 861 1319 940 quando

259 987 329 1033 non
347 969 544 1032 discernitur
559 974 592 1033 et
605 969 813 1050 cognoscitur
825 970 932 1050 figura
944 969 993 1034 rei
1009 987 1048 1033 er
1061 970 1167 1050 ligura
1179 970 1319 1034 visibilis

243 1079 360 1154 radii,
381 1095 458 1142 oum
478 1078 595 1142 incidit
615 1097 715 1160 super
734 1096 804 1144 rem
826 1080 1014 1155 videndam,
1030 1080 1089 1145 sed
1102 1081 1140 1144 fit
1154 1100 1192 1145 er
1206 1081 1319 1162 aliquo

259 1187 500 1268 praedictorum
515 1187 744 1251 accidentium.
765 1191 927 1269 Apparent
941 1190 1032 1252 euim
1046 1164 1236 1270 superficies
1250 1207 1323 1280 pro

257 1303 332 1377 pter
355 1296 528 1377 impositos
556 1296 682 1361 colores
711 1297 906 1378 quandoque
928 1316 1046 1362 curvae
1068 1306 1099 1362 et
1120 1299 1318 1379 quandoque

261 1423 433 1481 concavae,
455 1412 489 1470 et
509 1406 584 1470 ideo
606 1406 710 1487 pictor
731 1425 807 1471 cum
820 1407 963 1471 voluerit
977 1409 1148 1472 ostendere
1162 1408 1221 1473 has
1238 1408 1319 1472 duas

258 1515 381 1596 figuras
398 1533 457 1597 per
472 1515 610 1592 colores,
627 1519 718 1599 ponit
734 1517 879 1581 colorem
895 1516 988 1582 illius
1002 1519 1116 1599 partis,
1135 1537 1235 1600 quam
1252 1517 1323 1581 vult

258 1628 461 1692 eminentem
481 1628 600 1702 videri,
625 1625 795 1705 lucidum3
819 1627 965 1693 colorem
990 1647 1066 1693 vero
1092 1629 1198 1703 illius,
1220 1648 1320 1709 quam

258 1736 331 1801 vult
350 1755 527 1802 concavam
547 1738 670 1813 videri,
689 1740 794 1819 magis
815 1737 971 1802 latentem
994 1746 1028 1802 et
1048 1740 1264 1816 oscuriorem3
1288 1745 1320 1802 et

260 1855 394 1931 propter
412 1848 476 1913 boc
493 1855 648 1930 putamus
665 1847 775 1912 velum
791 1867 971 1913 concavum
988 1840 1060 1913 esse
1075 1867 1320 1924 curvum,cu1n

259 1959 481 2039 aspexerimus
508 1958 591 2023 illud
618 1958 776 2038 alonge,
802 1959 898 2023 cuius
928 1976 1027 2024 causa
1055 1964 1122 2034 est,
1147 1977 1216 2022 non
1242 1959 1321 2039 quia

256 2075 375 2132 ventus
396 2067 461 2133 tale
481 2067 567 2132 illud
587 2068 747 2150 disponit,
769 2075 806 2131 ut
826 2086 902 2132 cum
923 2087 963 2132 eo
988 2068 1154 2148 perveniat
1174 2069 1216 2132 ad
1240 2086 1318 2132 oon·

260 2178 514 2243 carumlocum
537 2178 603 2242 veli
627 2178 741 2242 lumen
769 2178 850 2241 solis
879 2186 913 2242 et
937 2178 1077 2242 visibilis
1105 2179 1232 2253 radius,
1261 2178 1321 2242 sed

261 2289 342 2370 quia
361 2289 481 2353 cadunt
500 2306 599 2369 super
616 2288 765 2353 medium
779 2287 842 2352 veli
858 2289 938 2353 recti
952 2288 1052 2364 radii,
1068 2295 1101 2352 et
1115 2288 1162 2352 sic
1175 2288 1321 2353 lucescit.

262 2400 301 2461 ln
322 2397 474 2463 extremis
501 2406 613 2462 autem
635 2399 783 2479 partibus
810 2405 844 2462 et
869 2398 1142 2463 circumferentiis
1168 2399 1240 2462 eius
1266 2403 1323 2462 aut
1432 2394 1434 2398 ’

261 2508 398 2574 omnino
419 2507 530 2572 nullus
551 2508 637 2572 cadit
656 2510 783 2584 radius,
808 2517 866 2573 aut
889 2526 1006 2590 pamm
1026 2508 1103 2572 inde
1125 2506 1212 2572 cadit
1232 2505 1321 2571 obli-

261 2637 375 2700 quum,
391 2635 463 2699 quo
485 2625 619 2699 apparet
640 2620 826 2682 obscurum.
847 2618 927 2682 Inde
944 2635 1021 2698 ergo
1036 2618 1320 2682 circumferentiae

262 2728 416 2792 videntur
429 2745 589 2792 concavae
602 2736 634 2792 et
645 2728 792 2792 medium
803 2726 870 2792 veli
881 2729 1043 2813 eminens,¹
1053 2727 1142 2808 quod
1151 2735 1203 2792 est
1213 2725 1322 2790 simile

260 2836 324 2914 rei,
338 2856 422 2921 quae
437 2856 508 2902 vere
525 2845 573 2902 est
586 2856 695 2904 curva.
714 2839 752 2902 In
766 2837 820 2901 his
834 2844 946 2902 autem
960 2855 1044 2918 quae
1058 2839 1147 2902 visus
1161 2844 1320 2918 penetrat,

263 2955 301 3013 ut
320 2948 443 3012 vitrum
463 2949 505 3013 ab
519 2948 621 3012 altero
635 2947 775 3012 laterum
790 2965 925 3013 suorum
941 2949 1208 3029 sculpturarum
1225 2965 1318 3028 aspe-

260 3058 405 3142 xerimus
425 3057 509 3122 illud
531 3077 551 3121 a
571 3057 674 3122 latere
696 3077 764 3122 non
786 3057 924 3139 sculpto,
942 3057 1110 3138 apparebit
1130 3058 1228 3120 nobis
1248 3057 1320 3136 ipsa

262 3167 455 3248 superficies
482 3186 548 3231 non
579 3167 695 3247 plana,
723 3174 757 3230 et
784 3168 873 3247 quod
889 3151 979 3230 inde
1009 3173 1060 3231 est
1088 3184 1185 3248 super
1213 3164 1322 3228 locum

256 3277 472 3341 «concavitatis
493 3276 691 3365 sculpturae,
713 3277 882 3358 apparebit
902 3294 1049 3351 curvum,
1065 3283 1097 3339 et
1112 3274 1202 3356 quod
1221 3293 1321 3357 super

262 3406 400 3453 curvum
421 3406 460 3452 ex
479 3387 546 3451 alio
566 3387 668 3452 latere
690 3387 827 3467 sculpto,
846 3387 1011 3473 apparebit
1028 3387 1320 3451 concavum.Tuno

261 3498 351 3563 enim
365 3515 482 3561 sensus
497 3516 565 3560 non
579 3497 791 3562 ratiocinatur
806 3499 845 3562 de
860 3497 965 3577 figura
984 3496 1108 3577 primae
1123 3496 1320 3577 superficiei,

260 3607 422 3673 obviantis
441 3606 508 3683 illi,
532 3625 591 3687 per
616 3607 754 3687 figuram
776 3608 992 3671 terminorum
1012 3605 1192 3671 visibilium
1213 3608 1320 3670 radio·

258 3735 349 3792 rum,
371 3718 430 3799 qui
450 3718 570 3781 cadunt
592 3735 690 3798 super
708 3735 790 3792 eam,
806 3718 865 3781 sed
882 3735 939 3799 per
955 3735 1049 3781 suam
1066 3718 1217 3797 figuram,
1234 3735 1318 3796 quae

260 3937 400 4002 visibilis
429 3939 540 4002 radius
568 3939 682 4002 exierit
706 3957 725 4002 a
751 3955 892 4001 concava
920 3937 1102 4018 sculptura,
1129 3937 1192 4000 erit
1217 3936 1323 4016 figura

262 4025 334 4112 eius
348 4065 499 4124 concava,
508 4055 540 4112 et
552 4067 627 4113 cum
640 4049 752 4113 exierit
765 4048 867 4113 aloco
881 4048 1066 4128 sculpturae
1079 4064 1207 4125 curvae,
1218 4045 1322 4128 figura
