3278 5364
1274 522 1331 587 lib

300 629 512 697 Inveniemur
535 639 645 696 autem
666 631 842 696 fractiones
864 631 1026 706 minores,
1049 650 1125 697 oum
1142 632 1263 697 vitrum
1278 647 1333 714 po·

258 740 358 806 situm
379 742 480 806 fcerit
501 744 536 805 in
558 743 631 806 loco
654 743 913 822 contignationis
937 744 1009 807 eius
1030 760 1107 807 cum
1130 761 1231 824 aqua,
1255 761 1333 824 quo·

258 850 350 915 niam
372 852 560 916 differentia
581 853 832 928 refractionum‚
855 871 939 932 quae
962 853 1049 916 fiunt
1062 853 1150 916 inter
1165 853 1248 916 lraec
1263 870 1333 917 cor·

258 979 361 1042 pora,
390 981 458 1025 non
486 969 538 1025 εει
567 980 697 1042 magna.
732 962 920 1026 Differentia
949 964 1039 1026 enim
1067 964 1103 1025 in
1132 962 1333 1040 subtilitate,

259 1089 344 1151 quae
370 1081 419 1135 est
445 1070 533 1136 inter
555 1090 675 1153 aquam
698 1080 730 1136 et
751 1074 888 1147 vitrum,
910 1073 1021 1135 minor
1043 1080 1091 1136 est
1113 1091 1151 1137 ea
1173 1091 1258 1152 quae
1283 1081 1334 1137 eet

257 1181 345 1245 inter
367 1200 477 1246 aerem
505 1190 537 1247 et
556 1184 817 1263 unumquodque
841 1185 980 1246 istorum
1002 1200 1188 1264 corporum.
1210 1183 1332 1247 Verum

259 1291 416 1371 possibile
439 1298 489 1354 est
510 1292 605 1354 nobis
629 1298 661 1354 ει
681 1293 805 1354 iterum
821 1291 875 1354 bic
891 1310 1022 1355 sumere
1038 1279 1332 1378 quantitatem'fra-

260 1401 408 1463 clinnum
425 1400 510 1464 sicut
525 1418 736 1484 exponemus.
757 1402 931 1482 coaptetur
944 1400 1198 1482 semicylindrus
1211 1402 1333 1466 vitreus

261 1511 321 1589 (fig.
338 1511 392 1586 82)
412 1529 488 1575 cum
506 1511 625 1591 planca
642 1529 747 1587 aerea,
766 1518 800 1574 ει
818 1512 1035 1574 constituatur
1051 1512 1099 1574 ita
1113 1519 1151 1574 ut
1164 1519 1334 1576 conservet
1380 1557 1383 1564 ·

259 1621 478 1701 positionem,
501 1639 566 1701 qua
588 1629 739 1685 centrum
763 1620 835 1684 elus
859 1622 916 1683 fiat
937 1622 1026 1684 idem
1048 1628 1161 1685 centro
1183 1620 1335 1702 plancae,

260 1736 293 1792 et
314 1748 429 1793 rursus
450 1726 568 1811 parum
591 1731 756 1794 coloretur
777 1730 869 1794 locus
890 1730 1007 1812 inquo
1027 1739 1122 1806 esta,
1144 1738 1176 1794 ει
1191 1733 1336 1812 erigatur

259 1838 378 1920 planca
399 1841 434 1902 in
449 1840 537 1921 pelvi
551 1842 591 1904 ad
608 1848 713 1904 rectos
729 1840 867 1920 angulos
881 1857 982 1921 super
996 1842 1202 1923 superficiem
1218 1860 1336 1922 aquae,

260 1949 294 2012 in
318 1967 383 2030 qua
404 1951 561 2013 medietas
584 1951 674 2014 illius
703 1958 765 2025 εει,
793 1959 827 2015 ει
851 1952 1070 2013 constituatur
1091 1969 1228 2017 curvum
1250 1951 1336 2015 latus

259 2059 343 2133 vitri,
366 2074 465 2140 super
486 2077 552 2140 quo
569 2067 618 2124 εει
635 2062 705 2135 ttt,
728 2062 879 2141 desuper,
895 2068 927 2123 et
941 2060 1128 2123 effundatur
1141 2061 1175 2123 in
1193 2060 1280 2151 pelvi
1295 2062 1335 2125 de

261 2185 346 2248 aqua
378 2176 507 2232 tantum
541 2177 665 2251 quanto
688 2170 777 2233 linea
801 2173 851 2233 tel
884 2171 924 2233 de
956 2169 1192 2260 semicylindro
1215 2171 1337 2250 existat

257 2295 358 2360 super
374 2297 477 2359 aquae
493 2281 714 2360 superficiem,
729 2289 762 2344 ει
776 2288 926 2343 sumatur
942 2281 978 2343 in
995 2278 1166 2367 subtiliori
1180 2280 1333 2357 humore,

259 2387 413 2453 videlicet
428 2391 461 2451 in
479 2407 575 2469 aqua,
587 2390 754 2471 quaelibet
772 2391 1037 2453 circumferentia
1051 2398 1088 2453 ut
1097 2392 1153 2470 qli,
1169 2390 1336 2454 etiterum

259 2498 304 2559 sit
325 2499 439 2561 decem
460 2499 613 2578 partium.
631 2500 776 2561 Ponatur
790 2507 900 2562 autem
916 2517 1013 2579 super
1027 2500 1049 2560 lt
1063 2499 1198 2579 aliquod
1216 2499 1336 2563 subtile

258 2606 455 2684 coloratum,
477 2615 509 2671 et
531 2609 708 2687 aspiciatur
729 2627 805 2671 oum
827 2608 928 2672 altero
953 2608 1143 2683 oculorum,
1166 2626 1337 2689 quousque

257 2735 311 2780 res
328 2735 413 2798 quae
432 2717 574 2780 volvitur
590 2736 689 2798 super
702 2719 1000 2781 circumferentiam
1017 2721 1073 2791 ob,
1086 2727 1126 2780 ut
1138 2739 1172 2794 z,
1189 2719 1337 2782 videatur

260 2828 443 2890 secundum
466 2827 680 2890 directionem
702 2829 814 2909 puncti
832 2830 853 2889 t
875 2836 908 2890 et
928 2825 994 2891 loci
1016 2829 1153 2891 colorati
1176 2830 1234 2908 qui
1248 2836 1300 2892 εει
1311 2847 1335 2893 e.

259 2934 327 3008 Quo
350 2938 396 2999 ita
414 2937 582 3017 disposito,
598 2938 833 3017 protrahantur
850 2939 933 3001 duae
950 2939 1126 3011 limacea,
1142 2957 1188 3001 ea.
1211 2940 1244 3001 Si
1259 2957 1336 3019 ergo

244 3032 501 3135 'sumpserimus
523 3046 681 3126 angulum
704 3048 761 3127 qui
783 3047 822 3109 fit
843 3049 877 3109 in
895 3050 1054 3128 grossiori
1069 3067 1116 3122 re,
1131 3047 1286 3112 videlicet
1302 3050 1336 3110 in

260 3156 355 3231 vitro,
370 3157 428 3236 qui
443 3157 647 3234 dignoscitur
661 3174 720 3236 per
735 3158 1032 3220 circumferentiam
1050 3160 1110 3231 ab,
1128 3158 1337 3243 inveniemus

260 3285 322 3346 per
342 3266 405 3329 hoc
428 3268 701 3347 experimentum,
725 3269 813 3347 quod
832 3268 970 3346 angulus
992 3269 1050 3347 qui
1072 3275 1123 3330 est
1146 3270 1178 3329 in
1202 3285 1287 3350 aqua
1305 3275 1339 3332 et

261 3377 409 3439 succedit
429 3376 709 3456 perpendiculari,
725 3378 879 3441 videlicet
896 3377 1035 3457 angulus
1048 3379 1130 3456 golt,
1148 3394 1224 3440 oum
1240 3379 1339 3441 fuerit

260 3486 377 3551 decem
399 3486 552 3567 partium,
574 3487 756 3567 nonaginta
775 3488 940 3550 attributis
963 3495 1052 3550 recto
1075 3486 1211 3567 angulo,
1228 3487 1266 3550 flt
1281 3506 1359 3573 ang,

262 3594 362 3674 galus
382 3596 439 3675 qui
458 3603 509 3661 est
522 3597 557 3658 in
574 3597 669 3671 vitro,
682 3603 797 3677 utpote
811 3597 951 3676 angulus
966 3605 1044 3672 oet,
1060 3614 1177 3661 novem
1196 3598 1338 3677 portium

262 3711 295 3769 at
309 3705 467 3769 dimidiae
481 3706 525 3770 ad
538 3725 649 3787 prope,
662 3713 782 3769 etcum
796 3705 936 3786 angulus
951 3708 1008 3786 qui
1020 3714 1071 3770 est
1083 3709 1119 3768 in
1132 3724 1228 3787 aqua,
1240 3707 1341 3770 fuerit

264 3814 395 3894 viginti,
412 3815 551 3895 angulus
566 3818 625 3896 qui
640 3818 676 3879 in
698 3818 793 3892 vitro,
808 3818 871 3880 erit
887 3817 1000 3881 decem
1016 3820 1048 3880 et
1063 3824 1135 3881 octo
1151 3825 1183 3879 et
1199 3817 1340 3891 mediae,

263 3932 296 3990 et
315 3941 393 3987 cum
413 3924 471 3989 ille
492 3924 593 3989 fuerit
614 3926 762 4006 triginta,
777 3927 841 3990 iste
855 3926 1046 4006 eritviginti
1060 3934 1200 4007 septem3
1216 3934 1340 3991 etcum

263 4031 321 4098 ille
344 4035 443 4097 fuerit
464 4036 695 4117 quadraginta,
718 4038 779 4100 iste
802 4037 865 4100 erit
885 4036 1020 4118 triginta
1040 4037 1251 4117 quisquam
1263 4046 1340 4101 oum
