3278 5364
1276 545 1334 611 151

281 668 284 673 ·
307 655 431 720 Rursus
459 654 615 737 possibile
645 662 694 718 est
722 656 817 719 nohis
840 656 1052 735 dignoscere,
1084 658 1173 737 quod
1200 658 1234 720 in
1264 655 1338 721 loco

265 767 523 846 contignationis
552 766 637 828 aeris
661 766 703 828 ad
724 765 891 828 aetherem
913 765 951 826 fit
973 765 1069 829 flexio
1090 766 1230 829 visibilis
1252 767 1337 830 radii

239 885 398 957 'propter
424 875 646 939 diversitatem
675 876 814 937 istomm
838 893 1011 955 corporum
1035 877 1202 952 duorum,
1225 894 1263 940 ex
1284 875 1337 946 his

263 984 346 1065 quae
369 993 541 1066 apparent,
564 992 597 1048 et
617 992 695 1047 sunt
717 984 811 1047 haec.
836 985 1026 1048 Invenimus
1050 1004 1101 1049 res
1124 1004 1209 1067 quas
1226 986 1336 1074 oriun-

265 1104 317 1158 tur
339 1103 371 1158 et
392 1096 546 1159 occidunt
567 1095 673 1173 magis
696 1094 897 1157 declinantes
913 1095 954 1156 ad
969 1096 1237 1176 septentrionem,
1260 1113 1336 1161 cum

263 1206 385 1269 fuerint
406 1223 505 1286 prope
527 1206 755 1280 horizontem,
778 1212 811 1271 et
832 1204 965 1268 metitae
987 1205 1110 1268 luerint
1135 1184 1193 1286 per
1214 1207 1337 1269 instru-

263 1324 414 1378 mentum
430 1333 495 1396 quo
511 1322 746 1379 mensurantur
760 1316 879 1378 sidera.
893 1316 972 1378 (lum
986 1316 1076 1378 enim
1090 1315 1215 1380 fuerint
1229 1317 1337 1380 orien-

264 1434 313 1488 tes
342 1424 394 1489 vel
423 1426 608 1489 occidentes
630 1425 744 1489 circuli
765 1426 879 1505 utique
901 1425 1159 1505 aequidistantes
1182 1403 1339 1507 aequino-

264 1535 367 1610 ctiali,
390 1537 447 1614 qui
470 1536 702 1598 describuntur
716 1553 814 1616 super
831 1534 915 1611 illas,
931 1535 1183 1615 propinquiores
1200 1542 1277 1599 sunt
1296 1537 1338 1600 ad

263 1647 523 1726 septentrionem
545 1663 644 1726 quam
668 1643 784 1708 circuli
807 1645 865 1725 qui
888 1645 1119 1709 describuntur
1135 1663 1235 1728 super
1250 1645 1337 1722 illas,

263 1772 339 1818 cum
368 1756 491 1818 fuerint
512 1756 546 1817 in
570 1756 678 1820 medio
702 1755 804 1832 coeli3
835 1762 867 1818 et
893 1763 1015 1835 quanto
1038 1755 1142 1836 magis
1164 1755 1338 1838 appropin-

263 1873 367 1946 quant
380 1864 555 1939 horizonti,
572 1865 696 1927 hahent
713 1865 872 1927 maiorem
888 1864 1140 1928 declinationem
1156 1865 1196 1928 ad
1211 1873 1338 1947 septen·

263 1976 427 2053 trionem;
456 1976 602 2039 siderum
631 1994 707 2039 vero
736 1993 869 2057 semper.
889 1975 1116 2056 apparentium
1139 1976 1337 2040 distantiae

263 2085 511 2166 septentrionali
534 2087 611 2166 polo
634 2086 696 2149 erit
717 2086 843 2160 minor,
866 2103 943 2158 cum
965 2085 1089 2149 fuerint
1102 2085 1137 2148 in
1155 2086 1338 2150 meridiana

263 2193 352 2258 linea
373 2214 486 2258 versus
509 2195 724 2258 horizontem.
749 2196 827 2257 Cum
851 2196 941 2257 enim
959 2195 1082 2257 luerint
1100 2196 1134 2257 in
1153 2195 1244 2259 linea
1264 2212 1336 2259 me·

261 2306 389 2368 ridiana
411 2307 446 2367 in
469 2305 542 2368 loeo
565 2307 622 2384 qui
646 2304 865 2385 propinquior
884 2312 932 2367 est
950 2312 1082 2384 puncto,
1100 2306 1157 2386 qui
1173 2313 1338 2388 estsuper

261 2422 358 2494 caput
379 2423 544 2488 nostrum,
568 2416 604 2477 fit
628 2416 661 2476 in
684 2415 756 2495 ipso
779 2415 852 2478 loco
876 2414 1017 2477 circulus
1041 2415 1264 2494 aequidistans
1287 2433 1337 2480 ae·

261 2525 453 2607 quinoctiali
477 2525 603 2597 maior,
627 2526 660 2586 in
684 2526 785 2604 priori
811 2533 920 2587 autem
943 2524 1015 2586 loco
1039 2525 1074 2586 flt
1096 2526 1225 2598 minor,
1248 2524 1338 2604 quod

261 2635 380 2697 accidit
408 2641 541 2714 propter
570 2634 742 2697 flexionem
770 2633 912 2696 visibilis
942 2635 1048 2713 radii,
1080 2651 1164 2713 quae
1187 2632 1224 2695 flr
1246 2652 1265 2697 a
1287 2652 1337 2697 su·

262 2745 395 2825 perhcie
418 2762 503 2824 quae
525 2743 726 2806 determinat
747 2744 835 2806 inter
857 2761 967 2806 aerem
992 2751 1023 2806 et
1045 2743 1225 2819 aetherem,
1253 2759 1338 2831 quae
1363 2788 1365 2796 ι

261 2855 359 2918 dehet
380 2872 450 2916 esse
473 2853 658 2934 sphaerica,
682 2860 713 2914 et
736 2859 883 2915 centmm
907 2853 978 2916 eius
1002 2861 1051 2916 est
1073 2860 1221 2926 centrum
1244 2870 1335 2917 com-

260 2980 361 3027 mune
382 2964 546 3049 universis
570 2963 758 3036 elementis,
782 2963 870 3041 quod
893 2972 942 3026 est
963 2970 1112 3025 centrum
1136 2970 1255 3027 terrae.

304 3077 377 3137 Esto
401 3092 477 3153 ergo
496 3075 587 3153 prius
602 3078 743 3152 punctus
766 3074 908 3135 existens
931 3090 1029 3152 super
1050 3073 1156 3151 capita
1178 3067 1337 3152 aspicien-

260 3186 374 3247 tiume
397 3184 461 3264 (ᾖς.
478 3182 553 3256 83),
574 3185 681 3261 sitque
705 3181 811 3244 maior
834 3181 977 3244 circulus
1000 3182 1040 3244 de
1063 3181 1116 3242 his
1139 3182 1196 3261 qui
1215 3183 1337 3244 cadunt

260 3297 294 3357 in
318 3294 465 3373 sphaeris
488 3292 679 3355 huiusmodi
702 3310 825 3365 rerum,
847 3308 930 3371 quas
953 3291 1106 3364 diximus,
1123 3292 1230 3370 quiin
1249 3297 1336 3353 terra

259 3404 393 3485 quidem
416 3402 558 3465 circulus
576 3405 640 3477 ἀὺ,
663 3402 720 3482 qui
743 3400 778 3462 in
802 3400 976 3483 superficie
1000 3409 1111 3464 autern
1133 3401 1333 3463 terminante

214 3595 217 3603 Ι
258 3531 370 3578 aerem
391 3520 425 3577 et
447 3512 611 3576 aetherem
637 3513 680 3573 sit
702 3513 763 3590 ρας
792 3509 936 3573 circulus
957 3529 1035 3575 vcro
1058 3510 1115 3589 qui
1138 3511 1255 3581 transit
1276 3527 1335 3590 per

258 3624 421 3704 quaedam
444 3623 551 3690 sidera
575 3623 618 3684 sit
632 3640 690 3696 εις
712 3627 863 3684 centrum
886 3627 996 3684 autem
1019 3621 1168 3684 omniurn
1193 3619 1235 3681 sit
1252 3637 1334 3699 pun-

258 3736 380 3808 ctus-h,
404 3741 435 3798 et
456 3732 667 3813 protrahatur
688 3730 779 3795 linea
798 3732 878 3805 ech,
902 3731 1009 3811 sitque
1031 3730 1120 3792 visus
1143 3736 1283 3809 punctus
1299 3747 1334 3803 o,

258 3850 291 3907 ot
312 3843 402 3907 linea
424 3843 543 3907 cadens
567 3858 665 3922 super
682 3840 928 3904 distinctionem
944 3856 1154 3902 communem
1173 3838 1337 3901 horizonti

259 3961 292 4017 et
314 3953 438 4016 circulo
458 3955 513 4031 'pd—
529 3950 619 4015 linea
633 3955 721 4021 oda:
736 3951 842 4030 sitque
857 3951 979 4012 itemm
996 3951 1036 4012 dt
1057 3946 1337 4029 perpendicularis

259 4080 359 4148 super
381 4060 558 4140 circulum,
577 4069 610 4124 et
628 4061 825 4124 arbitremur
839 4059 912 4124 odic
925 4077 996 4127 esse
1018 4056 1338 4127 visibilemradtum
