3278 5364
1278 562 1333 626 tel

232 725 235 732 .
264 672 384 746 minor,
398 678 435 733 ut
449 671 486 733 lit
500 679 753 752 cumutraeque
766 670 874 735 lineae
888 679 1012 753 quanto
1023 673 1129 752 magis
1143 674 1335 754 procedunt,

265 783 370 863 magis
397 801 417 847 a
443 800 479 846 se
509 782 712 862 elongantur.
742 781 900 846 Possibile
931 791 982 848 est
1010 790 1120 847 autem
1149 800 1217 847 non
1244 786 1336 867 iungi

264 892 567 975 perpendicularem
589 893 766 956 cadentem*
783 911 802 955 a
824 892 898 956 visu
918 894 953 956 in
969 894 1254 974 superliniendo
1269 910 1337 977 qua

264 1004 301 1067 lit
322 1003 434 1079 llario,
461 1012 493 1068 et
518 1003 642 1068 lineam
670 1003 804 1078 flexam,
834 1003 903 1068 sive
924 1021 1001 1068 eum
1023 1004 1124 1068 inerit
1143 1005 1335 1087 superficies

193 1097 198 1106 ’
261 1133 360 1179 curva
381 1122 413 1178 et
436 1116 574 1178 curvitas
597 1115 667 1178 eius
689 1121 722 1178 et
742 1113 897 1178 subtilius
922 1130 1041 1196 eorpus
1066 1116 1191 1179 fuerint
1218 1133 1330 1181 versus

263 1227 384 1300 visum,
405 1227 473 1290 sive
488 1218 571 1288 'cum
594 1225 681 1288 latus
703 1244 884 1289 concavum
905 1227 1004 1290 irrsrit
1025 1244 1140 1290 versus
1159 1228 1282 1302 vnum,
1303 1237 1336 1291 et

262 1344 413 1401 centrum
434 1338 476 1400 sit
497 1338 584 1401 inter
606 1337 715 1400 visum
736 1343 770 1399 et
791 1337 1014 1418 superficiem,
1037 1337 1182 1418 pressim
1205 1355 1335 1419 quoque

261 1465 396 1529 corpus·
416 1447 514 1511 fuerit
547 1465 666 1512 versus
700 1448 819 1522 visum;
850 1446 947 1511 aliter
969 1448 1060 1511 enim
1093 1449 1231 1513 minime
1262 1448 1335 1512 deri

267 1564 383 1640 potest.
1291 1574 1293 1579 ·

302 1668 394 1733 Nunc
415 1675 525 1732 autem
545 1668 698 1732 volumus
721 1669 946 1739 demonstrare
974 1667 1125 1732 habitum
1142 1669 1185 1734 de
1199 1668 1336 1735 conium

259 1780 368 1845 ctione
384 1779 662 1861 perpendicularis
677 1780 825 1842 cadentis
840 1794 859 1842 a
873 1798 908 1843 re
927 1779 1070 1844 videnda
1083 1779 1119 1843 in
1135 1780 1335 1862 praedictam

259 1890 468 1971 superficiem
489 1896 522 1954 et
542 1891 625 1954 radii
648 1891 731 1954 flexi.
754 1893 828 1954 Esto
850 1890 1047 1971 superficies
1071 1891 1160 1972 prius
1178 1889 1336 1972 plana-st

260 2001 304 2066 sit
331 2001 499 2064 distinctio
529 2001 716 2077 communis
743 2000 824 2062 huic
850 2001 1057 2081 superficiei,
1087 2008 1120 2065 et
1143 2001 1335 2082 superficiei

259 2131 344 2194 quae
366 2113 480 2175 transit
502 2131 559 2192 per
582 2112 712 2176 radium
734 2112 855 2176 ilerum
877 2111 968 2176 linea
987 2113 1056 2190 alp
1077 2112 1143 2191 (sip.
1161 2111 1215 2188 91t
1233 2120 1332 2188 reeta,

258 2224 368 2304 sitque
390 2224 478 2286 visus
499 2227 534 2296 d,
558 2230 589 2287 et
611 2223 725 2286 radius
750 2223 902 2304 proclivis
923 2225 1004 2297 dit,
1028 2230 1061 2285 et
1083 2223 1293 2304 protrahatur
1315 2243 1335 2288 a

261 2340 382 2417 puncto
398 2337 415 2396 e
433 2334 716 2414 perpendicularis
735 2346 834 2414 super
851 2335 906 2408 ab,
926 2340 959 2399 et
975 2334 1018 2397 sit
1035 2318 1117 2407 zet,
1135 2342 1168 2398 et
1185 2333 1335 2399 flectamr

258 2447 304 2509 dl>
325 2446 367 2508 ad
388 2453 513 2527 partem
536 2445 670 2524 qrridsm
689 2445 975 2524 perpendicularis
989 2464 1091 2526 super
1104 2447 1151 2520 ot,
1170 2446 1212 2509 ad
1224 2447 1331 2510 diver·

259 2574 331 2620 eam
353 2563 464 2620 autem
484 2564 611 2636 perlem
633 2555 914 2637 perpendicularis
938 2567 1037 2639 super
1056 2559 1108 2633 leb,
1126 2558 1262 2638 sintque
1280 2572 1333 2622 res

259 2667 419 2731 videndae
442 2668 476 2729 in
498 2677 511 2728 t
530 2674 564 2729 et
584 2667 620 2729 in
641 2667 679 2741 le,
697 2674 730 2729 et
747 2669 980 2748 protrahantur
994 2686 1033 2731 ex
1046 2668 1099 2731 his
1123 2669 1163 2733 ad
1185 2670 1226 2748 bp
1249 2669 1333 2732 duae
1359 2755 1362 2761 .
1422 2742 1426 2749 p

260 2777 546 2859 perpendiculares
568 2779 617 2851 dl,
634 2789 684 2858 tp.
708 2793 793 2858 qnae
808 2794 941 2859 semper
955 2780 1137 2860 iungantur
1152 2779 1261 2844 lineae
1273 2781 1333 2854 dd,

259 2887 399 2968 angulus
422 2889 511 2950 enim
532 2889 597 2953 abe
618 2890 724 2952 maior
746 2895 795 2952 est
818 2873 939 2968 angulo
961 2897 1068 2968 recto;
1083 2889 1195 2970 anguli
1211 2897 1332 2966 autem,

261 2998 319 3081 qui
340 3006 419 3062 sunt
439 3017 540 3080 penes
559 3019 580 3078 p
602 3006 635 3062 et
657 3002 683 3074 l,
704 3005 784 3063 sunt
805 2999 897 3062 reoli.

303 3111 425 3172 Rursus
447 3111 638 3191 superficies
661 3111 748 3173 unde
771 3110 809 3172 fit
832 3109 940 3184 dexio,
963 3117 1033 3174 esto
1050 3110 1335 3187 simulassent

258 3238 359 3285 curva
379 3222 549 3301 perseius
573 3223 635 3301 pap.
651 3223 705 3296 92)
729 3239 840 3284 versus
861 3221 985 3296 risum,
1007 3222 1117 3304 sitque
1141 3223 1229 3287 visua
1247 3225 1280 3297 d.
1301 3229 1334 3286 et

258 3333 377 3396 iterum
399 3333 598 3414 producatur
612 3334 655 3415 db
665 3335 684 3395 l.
708 3331 830 3404 lineae
845 3350 923 3412 erqo
938 3350 1023 3412 quae
1037 3332 1193 3414 copulant
1208 3312 1333 3414 aliquid

260 3443 301 3506 de
323 3444 442 3517 rebus,
456 3421 555 3524 'qnae
584 3450 752 3523 ponuntur
770 3459 872 3523 super
891 3444 934 3505 leb
956 3449 989 3507 et
1009 3443 1096 3507 inter
1116 3445 1183 3518 ra,
1207 3450 1244 3509 ut
1265 3443 1331 3518 led,

258 3568 391 3636 semper
412 3561 523 3617 secant
544 3555 596 3629 ὀὴ·
618 3552 727 3616 lineae
747 3559 862 3617 autern
883 3572 968 3634 quae
980 3554 1138 3634 copulent
1151 3553 1278 3636 aliquid
1292 3556 1332 3619 do

260 3665 315 3727 his
341 3683 426 3745 quae
453 3671 530 3727 sunt
555 3681 654 3746 super
680 3666 714 3726 bt
741 3672 774 3727 el
798 3666 854 3741 alr,
877 3671 914 3727 ut
936 3667 990 3738 te,
1018 3665 1214 3745 quandoque
1236 3672 1332 3731 amnt

260 3776 516 3856 aequidistantes
542 3775 649 3855 lineae
673 3777 755 3849 dbl,
776 3781 812 3839 et
833 3775 1033 3856 quandoque
1055 3776 1223 3840 obviantes
1242 3775 1275 3841 ei
1297 3777 1331 3839 in

259 3895 349 3969 parte
373 3898 398 3961 t,
414 3890 440 3962 l,
462 3887 658 3967 quandoque
681 3900 758 3949 vero
776 3886 978 3966 'elongantur
998 3887 1105 3967 magis
1123 3887 1163 3949 ab
1179 3904 1228 3950 es.
1250 3887 1329 3950 Pos·

260 3998 357 4064 sibile
379 4006 428 4061 est
451 3999 541 4060 enim
563 3994 721 4076 angulum
743 3998 802 4059 lttd
824 3998 1022 4078 quandoque
1041 4010 1112 4061 esse
1128 3996 1217 4063 siout
1232 4013 1333 4078 augu-

239 4143 241 4146 ν
261 4109 333 4173 lum
355 4111 419 4186 lbt,
442 4115 474 4172 et
495 4109 696 4191 quandoque
713 4106 875 4173 maiorem
889 4116 924 4172 et
938 4108 1137 4188 quandoque
1155 4107 1330 4171 minorem.

1272 4250 1301 4303 ll
