<?xml version="1.0" encoding="UTF-8"?>
<!DOCTYPE html PUBLIC "-//W3C//DTD XHTML 1.0 Transitional//EN"
    "http://www.w3.org/TR/xhtml1/DTD/xhtml1-transitional.dtd">
<html xmlns="http://www.w3.org/1999/xhtml" xml:lang="en" lang="en">
 <head>
  <title>
</title>
<meta http-equiv="Content-Type" content="text/html;charset=utf-8" />
  <meta name='ocr-system' content='tesseract 3.04.00' />
  <meta name='ocr-capabilities' content='ocr_page ocr_carea ocr_par ocr_line ocrx_word'/>
</head>
<body>
  <div class='ocr_page' id='page_1' title='image "./lotticadiclaudi00eugegoog_0090.png"; bbox 0 0 3278 5364; ppageno 0'>
   <div class='ocr_carea' id='block_1_1' title="bbox 242 526 1411 4162">
    <p class='ocr_par' dir='ltr' id='par_1_1' title="bbox 242 526 1336 2383">
     <span class='ocr_line' id='line_1_1' title="bbox 1286 526 1327 593; baseline 0.024 -1"><span class='ocrx_word' id='word_1_1' title='bbox 1286 526 1327 593; x_wconf 75' lang='lat'><strong>3³</strong></span> 
     </span>
     <span class='ocr_line' id='line_1_2' title="bbox 256 635 1327 722; baseline 0 -19"><span class='ocrx_word' id='word_1_2' title='bbox 256 639 359 705; x_wconf 87' lang='lat' dir='ltr'><strong>deudi</strong></span> <span class='ocrx_word' id='word_1_3' title='bbox 378 637 641 705; x_wconf 86' lang='lat' dir='ltr'><strong>etdiscarnendi</strong></span> <span class='ocrx_word' id='word_1_4' title='bbox 663 635 869 703; x_wconf 74' lang='lat' dir='ltr'><strong>diversitates</strong></span> <span class='ocrx_word' id='word_1_5' title='bbox 890 635 1114 715; x_wconf 80' lang='lat' dir='ltr'><strong>subiectarum</strong></span> <span class='ocrx_word' id='word_1_6' title='bbox 1134 637 1327 722; x_wconf 85' lang='lat' dir='ltr'><strong>figurarum,</strong></span> 
     </span>
     <span class='ocr_line' id='line_1_3' title="bbox 258 748 1329 832; baseline 0.002 -19"><span class='ocrx_word' id='word_1_7' title='bbox 258 749 572 832; x_wconf 80' lang='lat' dir='ltr'><strong>quomodocumque</strong></span> <span class='ocrx_word' id='word_1_8' title='bbox 587 748 712 831; x_wconf 81' lang='lat' dir='ltr'><strong>positas</strong></span> <span class='ocrx_word' id='word_1_9' title='bbox 726 749 862 819; x_wconf 81' lang='lat' dir='ltr'><strong>tuerint.</strong></span> <span class='ocrx_word' id='word_1_10' title='bbox 873 748 963 813; x_wconf 77' lang='lat' dir='ltr'><strong>Facit</strong></span> <span class='ocrx_word' id='word_1_11' title='bbox 974 754 1087 814; x_wconf 87' lang='lat' dir='ltr'><strong>autem</strong></span> <span class='ocrx_word' id='word_1_12' title='bbox 1098 748 1163 814; x_wconf 91' lang='lat' dir='ltr'><strong>boc</strong></span> <span class='ocrx_word' id='word_1_13' title='bbox 1174 748 1329 817; x_wconf 86' lang='lat' dir='ltr'><strong>velociter</strong></span> 
     </span>
     <span class='ocr_line' id='line_1_4' title="bbox 259 847 1328 943; baseline 0.002 -19"><span class='ocrx_word' id='word_1_14' title='bbox 259 860 334 926; x_wconf 88' lang='lat' dir='ltr'><strong>sine</strong></span> <span class='ocrx_word' id='word_1_15' title='bbox 355 860 504 925; x_wconf 75' lang='lat' dir='ltr'><strong>tarditate</strong></span> <span class='ocrx_word' id='word_1_16' title='bbox 526 865 583 925; x_wconf 87' lang='lat' dir='ltr'><strong>aut</strong></span> <span class='ocrx_word' id='word_1_17' title='bbox 602 858 862 936; x_wconf 81' lang='lat' dir='ltr'><strong>intermissione,</strong></span> <span class='ocrx_word' id='word_1_18' title='bbox 884 867 918 925; x_wconf 88' lang='lat' dir='ltr'><strong>ot</strong></span> <span class='ocrx_word' id='word_1_19' title='bbox 931 859 1039 925; x_wconf 91' lang='lat' dir='ltr'><strong>utitur</strong></span> <span class='ocrx_word' id='word_1_20' title='bbox 1060 859 1210 943; x_wconf 80' lang='lat' dir='ltr'><strong>diligenti</strong></span> <span class='ocrx_word' id='word_1_21' title='bbox 1230 847 1328 926; x_wconf 77' lang='lat' dir='ltr'><strong>ratid-</strong></span> 
     </span>
     <span class='ocr_line' id='line_1_5' title="bbox 258 969 1329 1053; baseline 0.003 -18"><span class='ocrx_word' id='word_1_22' title='bbox 258 971 426 1036; x_wconf 85' lang='lat' dir='ltr'><strong>cinatione</strong></span> <span class='ocrx_word' id='word_1_23' title='bbox 441 989 519 1035; x_wconf 92' lang='lat' dir='ltr'><strong>cum</strong></span> <span class='ocrx_word' id='word_1_24' title='bbox 532 969 675 1035; x_wconf 88' lang='lat' dir='ltr'><strong>mirabili</strong></span> <span class='ocrx_word' id='word_1_25' title='bbox 689 970 808 1035; x_wconf 83' lang='lat' dir='ltr'><strong>virtute</strong></span> <span class='ocrx_word' id='word_1_26' title='bbox 824 970 894 1035; x_wconf 89' lang='lat' dir='ltr'><strong>iere</strong></span> <span class='ocrx_word' id='word_1_27' title='bbox 910 969 1108 1047; x_wconf 81' lang='lat' dir='ltr'><strong>incredibili,</strong></span> <span class='ocrx_word' id='word_1_28' title='bbox 1119 977 1152 1035; x_wconf 87' lang='lat' dir='ltr'><strong>et</strong></span> <span class='ocrx_word' id='word_1_29' title='bbox 1165 971 1232 1053; x_wconf 82' lang='lat' dir='ltr'><strong>agit</strong></span> <span class='ocrx_word' id='word_1_30' title='bbox 1244 971 1329 1038; x_wconf 87' lang='lat' dir='ltr'><strong>baec</strong></span> 
     </span>
     <span class='ocr_line' id='line_1_6' title="bbox 258 1079 1328 1164; baseline -0.002 -15"><span class='ocrx_word' id='word_1_31' title='bbox 258 1079 500 1149; x_wconf 85' lang='lat' dir='ltr'><strong>insensibiliter</strong></span> <span class='ocrx_word' id='word_1_32' title='bbox 513 1086 645 1163; x_wconf 86' lang='lat' dir='ltr'><strong>propter</strong></span> <span class='ocrx_word' id='word_1_33' title='bbox 659 1080 861 1147; x_wconf 88' lang='lat' dir='ltr'><strong>celeritatem</strong></span> <span class='ocrx_word' id='word_1_34' title='bbox 876 1097 984 1145; x_wconf 88' lang='lat' dir='ltr'><strong>suam.</strong></span> <span class='ocrx_word' id='word_1_35' title='bbox 997 1081 1090 1156; x_wconf 84' lang='lat' dir='ltr'><strong>Quod</strong></span> <span class='ocrx_word' id='word_1_36' title='bbox 1103 1081 1263 1164; x_wconf 84' lang='lat' dir='ltr'><strong>possibile</strong></span> <span class='ocrx_word' id='word_1_37' title='bbox 1280 1089 1328 1147; x_wconf 91' lang='lat' dir='ltr'><strong>est</strong></span> 
     </span>
     <span class='ocr_line' id='line_1_7' title="bbox 242 1189 1327 1276; baseline 0.002 -21"><span class='ocrx_word' id='word_1_38' title='bbox 242 1191 355 1266; x_wconf 89' lang='lat' dir='ltr'><strong>nobis</strong></span> <span class='ocrx_word' id='word_1_39' title='bbox 370 1190 553 1273; x_wconf 77' lang='lat' dir='ltr'><strong>intelligere</strong></span> <span class='ocrx_word' id='word_1_40' title='bbox 565 1189 752 1273; x_wconf 78' lang='lat' dir='ltr'><strong>specialiter</strong></span> <span class='ocrx_word' id='word_1_41' title='bbox 765 1190 802 1254; x_wconf 89' lang='lat' dir='ltr'><strong>lu</strong></span> <span class='ocrx_word' id='word_1_42' title='bbox 815 1191 925 1266; x_wconf 89' lang='lat' dir='ltr'><strong>rebus,</strong></span> <span class='ocrx_word' id='word_1_43' title='bbox 940 1208 1025 1272; x_wconf 89' lang='lat' dir='ltr'><strong>quas</strong></span> <span class='ocrx_word' id='word_1_44' title='bbox 1038 1191 1154 1257; x_wconf 86' lang='lat' dir='ltr'><strong>lumen</strong></span> <span class='ocrx_word' id='word_1_45' title='bbox 1168 1198 1327 1276; x_wconf 76' lang='lat' dir='ltr'><strong>penebat,</strong></span> 
     </span>
     <span class='ocr_line' id='line_1_8' title="bbox 258 1301 1329 1389; baseline 0 -22"><span class='ocrx_word' id='word_1_46' title='bbox 258 1321 337 1367; x_wconf 92' lang='lat' dir='ltr'><strong>cum</strong></span> <span class='ocrx_word' id='word_1_47' title='bbox 369 1304 409 1368; x_wconf 89' lang='lat' dir='ltr'><strong>do</strong></span> <span class='ocrx_word' id='word_1_48' title='bbox 442 1303 535 1367; x_wconf 85' lang='lat' dir='ltr'><strong>radio</strong></span> <span class='ocrx_word' id='word_1_49' title='bbox 566 1302 704 1367; x_wconf 87' lang='lat' dir='ltr'><strong>luminis</strong></span> <span class='ocrx_word' id='word_1_50' title='bbox 737 1302 1051 1385; x_wconf 81' lang='lat' dir='ltr'><strong>quomodocumque</strong></span> <span class='ocrx_word' id='word_1_51' title='bbox 1072 1301 1249 1369; x_wconf 86' lang='lat' dir='ltr'><strong>incidentis</strong></span> <span class='ocrx_word' id='word_1_52' title='bbox 1271 1303 1329 1389; x_wconf 79' lang='lat' dir='ltr'><strong>dat</strong></span> 
     </span>
     <span class='ocr_line' id='line_1_9' title="bbox 257 1411 1326 1494; baseline 0.002 -17"><span class='ocrx_word' id='word_1_53' title='bbox 257 1413 367 1491; x_wconf 85' lang='lat' dir='ltr'><strong>llario,</strong></span> <span class='ocrx_word' id='word_1_54' title='bbox 387 1421 421 1481; x_wconf 87' lang='lat' dir='ltr'><strong>ot</strong></span> <span class='ocrx_word' id='word_1_55' title='bbox 439 1412 546 1481; x_wconf 90' lang='lat' dir='ltr'><strong>multa</strong></span> <span class='ocrx_word' id='word_1_56' title='bbox 566 1413 608 1479; x_wconf 90' lang='lat' dir='ltr'><strong>de</strong></span> <span class='ocrx_word' id='word_1_57' title='bbox 628 1413 870 1478; x_wconf 79' lang='lat' dir='ltr'><strong>diversitatibus</strong></span> <span class='ocrx_word' id='word_1_58' title='bbox 890 1411 1070 1494; x_wconf 83' lang='lat' dir='ltr'><strong>figurarum</strong></span> <span class='ocrx_word' id='word_1_59' title='bbox 1085 1412 1185 1481; x_wconf 84' lang='lat' dir='ltr'><strong>iaciat</strong></span> <span class='ocrx_word' id='word_1_60' title='bbox 1204 1413 1241 1479; x_wconf 93' lang='lat' dir='ltr'><strong>in</strong></span> <span class='ocrx_word' id='word_1_61' title='bbox 1261 1413 1326 1491; x_wconf 89' lang='lat' dir='ltr'><strong>his,</strong></span> 
     </span>
     <span class='ocr_line' id='line_1_10' title="bbox 259 1521 1326 1609; baseline 0.002 -20"><span class='ocrx_word' id='word_1_62' title='bbox 259 1542 346 1607; x_wconf 86' lang='lat' dir='ltr'><strong>quse</strong></span> <span class='ocrx_word' id='word_1_63' title='bbox 367 1524 553 1609; x_wconf 85' lang='lat' dir='ltr'><strong>propinqua</strong></span> <span class='ocrx_word' id='word_1_64' title='bbox 564 1530 645 1589; x_wconf 88' lang='lat' dir='ltr'><strong>sunt</strong></span> <span class='ocrx_word' id='word_1_65' title='bbox 658 1523 716 1589; x_wconf 86' lang='lat' dir='ltr'><strong>eis.</strong></span> <span class='ocrx_word' id='word_1_66' title='bbox 738 1521 832 1598; x_wconf 84' lang='lat' dir='ltr'><strong>Quod</strong></span> <span class='ocrx_word' id='word_1_67' title='bbox 850 1523 961 1587; x_wconf 89' lang='lat' dir='ltr'><strong>statim</strong></span> <span class='ocrx_word' id='word_1_68' title='bbox 977 1523 1178 1606; x_wconf 77' lang='lat' dir='ltr'><strong>percipimus</strong></span> <span class='ocrx_word' id='word_1_69' title='bbox 1192 1533 1326 1609; x_wconf 86' lang='lat' dir='ltr'><strong>propter</strong></span> 
     </span>
     <span class='ocr_line' id='line_1_11' title="bbox 257 1631 1328 1717; baseline 0.003 -18"><span class='ocrx_word' id='word_1_70' title='bbox 257 1635 478 1701; x_wconf 81' lang='lat' dir='ltr'><strong>mutationem</strong></span> <span class='ocrx_word' id='word_1_71' title='bbox 499 1636 681 1717; x_wconf 83' lang='lat' dir='ltr'><strong>figurarum</strong></span> <span class='ocrx_word' id='word_1_72' title='bbox 702 1633 738 1697; x_wconf 89' lang='lat' dir='ltr'><strong>iu</strong></span> <span class='ocrx_word' id='word_1_73' title='bbox 760 1634 870 1711; x_wconf 87' lang='lat' dir='ltr'><strong>rebus,</strong></span> <span class='ocrx_word' id='word_1_74' title='bbox 893 1651 976 1714; x_wconf 88' lang='lat' dir='ltr'><strong>quas</strong></span> <span class='ocrx_word' id='word_1_75' title='bbox 991 1634 1106 1700; x_wconf 90' lang='lat' dir='ltr'><strong>lumen</strong></span> <span class='ocrx_word' id='word_1_76' title='bbox 1119 1631 1278 1716; x_wconf 80' lang='lat' dir='ltr'><strong>penetrat,</strong></span> <span class='ocrx_word' id='word_1_77' title='bbox 1294 1644 1328 1702; x_wconf 90' lang='lat' dir='ltr'><strong>ot</strong></span> 
     </span>
     <span class='ocr_line' id='line_1_12' title="bbox 258 1744 1326 1813; baseline 0.004 -4"><span class='ocrx_word' id='word_1_78' title='bbox 258 1745 507 1813; x_wconf 84' lang='lat' dir='ltr'><strong>translationem</strong></span> <span class='ocrx_word' id='word_1_79' title='bbox 528 1744 680 1811; x_wconf 88' lang='lat' dir='ltr'><strong>locorum</strong></span> <span class='ocrx_word' id='word_1_80' title='bbox 700 1763 851 1813; x_wconf 90' lang='lat' dir='ltr'><strong>sucrum.</strong></span> <span class='ocrx_word' id='word_1_81' title='bbox 875 1745 912 1813; x_wconf 89' lang='lat' dir='ltr'><strong>Iu</strong></span> <span class='ocrx_word' id='word_1_82' title='bbox 935 1745 1054 1809; x_wconf 87' lang='lat' dir='ltr'><strong>umbra</strong></span> <span class='ocrx_word' id='word_1_83' title='bbox 1075 1745 1176 1811; x_wconf 89' lang='lat' dir='ltr'><strong>etiam</strong></span> <span class='ocrx_word' id='word_1_84' title='bbox 1197 1753 1231 1811; x_wconf 91' lang='lat' dir='ltr'><strong>et</strong></span> <span class='ocrx_word' id='word_1_85' title='bbox 1249 1745 1326 1813; x_wconf 89' lang='lat' dir='ltr'><strong>luco</strong></span> 
     </span>
     <span class='ocr_line' id='line_1_13' title="bbox 257 1855 1324 1940; baseline 0.002 -19"><span class='ocrx_word' id='word_1_86' title='bbox 257 1855 413 1923; x_wconf 89' lang='lat' dir='ltr'><strong>similitor</strong></span> <span class='ocrx_word' id='word_1_87' title='bbox 433 1857 514 1939; x_wconf 82' lang='lat' dir='ltr'><strong>ugit,</strong></span> <span class='ocrx_word' id='word_1_88' title='bbox 537 1863 570 1923; x_wconf 89' lang='lat' dir='ltr'><strong>ot</strong></span> <span class='ocrx_word' id='word_1_89' title='bbox 590 1857 655 1923; x_wconf 91' lang='lat' dir='ltr'><strong>hoc</strong></span> <span class='ocrx_word' id='word_1_90' title='bbox 672 1856 822 1923; x_wconf 90' lang='lat' dir='ltr'><strong>ordinate</strong></span> <span class='ocrx_word' id='word_1_91' title='bbox 844 1863 877 1921; x_wconf 90' lang='lat' dir='ltr'><strong>et</strong></span> <span class='ocrx_word' id='word_1_92' title='bbox 892 1855 1045 1921; x_wconf 89' lang='lat' dir='ltr'><strong>decenter</strong></span> <span class='ocrx_word' id='word_1_93' title='bbox 1062 1857 1248 1937; x_wconf 87' lang='lat' dir='ltr'><strong>secundum</strong></span> <span class='ocrx_word' id='word_1_94' title='bbox 1262 1876 1324 1940; x_wconf 92' lang='lat' dir='ltr'><strong>po-</strong></span> 
     </span>
     <span class='ocr_line' id='line_1_14' title="bbox 257 1966 1325 2053; baseline 0.001 -20"><span class='ocrx_word' id='word_1_95' title='bbox 257 1968 415 2035; x_wconf 87' lang='lat' dir='ltr'><strong>sitionem</strong></span> <span class='ocrx_word' id='word_1_96' title='bbox 427 1975 459 2033; x_wconf 90' lang='lat' dir='ltr'><strong>ot</strong></span> <span class='ocrx_word' id='word_1_97' title='bbox 468 1974 597 2050; x_wconf 90' lang='lat' dir='ltr'><strong>partem</strong></span> <span class='ocrx_word' id='word_1_98' title='bbox 613 1966 718 2044; x_wconf 88' lang='lat' dir='ltr'><strong>illam,</strong></span> <span class='ocrx_word' id='word_1_99' title='bbox 729 1967 771 2032; x_wconf 87' lang='lat' dir='ltr'><strong>ad</strong></span> <span class='ocrx_word' id='word_1_100' title='bbox 783 1966 1049 2049; x_wconf 86' lang='lat' dir='ltr'><strong>quamderlinat.</strong></span> <span class='ocrx_word' id='word_1_101' title='bbox 1061 1967 1233 2035; x_wconf 85' lang='lat' dir='ltr'><strong>Sufficiant</strong></span> <span class='ocrx_word' id='word_1_102' title='bbox 1246 1987 1325 2053; x_wconf 89' lang='lat' dir='ltr'><strong>ergo</strong></span> 
     </span>
     <span class='ocr_line' id='line_1_15' title="bbox 259 2076 1327 2166; baseline 0.003 -22"><span class='ocrx_word' id='word_1_103' title='bbox 259 2097 346 2160; x_wconf 91' lang='lat' dir='ltr'><strong>quae</strong></span> <span class='ocrx_word' id='word_1_104' title='bbox 362 2079 440 2147; x_wconf 90' lang='lat' dir='ltr'><strong>iude</strong></span> <span class='ocrx_word' id='word_1_105' title='bbox 455 2079 542 2144; x_wconf 89' lang='lat' dir='ltr'><strong>dicta</strong></span> <span class='ocrx_word' id='word_1_106' title='bbox 554 2085 633 2145; x_wconf 89' lang='lat' dir='ltr'><strong>sunt</strong></span> <span class='ocrx_word' id='word_1_107' title='bbox 647 2079 754 2155; x_wconf 91' lang='lat' dir='ltr'><strong>nobis,</strong></span> <span class='ocrx_word' id='word_1_108' title='bbox 769 2076 930 2166; x_wconf 82' lang='lat' dir='ltr'><strong>quoniam</strong></span> <span class='ocrx_word' id='word_1_109' title='bbox 943 2077 1046 2144; x_wconf 88' lang='lat' dir='ltr'><strong>series</strong></span> <span class='ocrx_word' id='word_1_110' title='bbox 1062 2078 1239 2144; x_wconf 84' lang='lat' dir='ltr'><strong>vorborum</strong></span> <span class='ocrx_word' id='word_1_111' title='bbox 1252 2099 1327 2163; x_wconf 91' lang='lat' dir='ltr'><strong>per·</strong></span> 
     </span>
     <span class='ocr_line' id='line_1_16' title="bbox 257 2174 1325 2272; baseline -0.001 -16"><span class='ocrx_word' id='word_1_112' title='bbox 257 2190 351 2256; x_wconf 82' lang='lat' dir='ltr'><strong>duxit</strong></span> <span class='ocrx_word' id='word_1_113' title='bbox 370 2209 432 2255; x_wconf 87' lang='lat' dir='ltr'><strong>noo</strong></span> <span class='ocrx_word' id='word_1_114' title='bbox 460 2191 504 2255; x_wconf 92' lang='lat' dir='ltr'><strong>ad</strong></span> <span class='ocrx_word' id='word_1_115' title='bbox 534 2190 756 2272; x_wconf 86' lang='lat' dir='ltr'><strong>exponendam</strong></span> <span class='ocrx_word' id='word_1_116' title='bbox 783 2174 971 2255; x_wconf 82' lang='lat' dir='ltr'><strong>naturalem</strong></span> <span class='ocrx_word' id='word_1_117' title='bbox 991 2189 1190 2257; x_wconf 87' lang='lat' dir='ltr'><strong>creationem</strong></span> <span class='ocrx_word' id='word_1_118' title='bbox 1211 2191 1325 2269; x_wconf 84' lang='lat' dir='ltr'><strong>visus,</strong></span> 
     </span>
     <span class='ocr_line' id='line_1_17' title="bbox 259 2298 1336 2383; baseline -0.003 -17"><span class='ocrx_word' id='word_1_119' title='bbox 259 2319 360 2383; x_wconf 83' lang='lat' dir='ltr'><strong>quam</strong></span> <span class='ocrx_word' id='word_1_120' title='bbox 380 2300 472 2365; x_wconf 89' lang='lat' dir='ltr'><strong>nulla</strong></span> <span class='ocrx_word' id='word_1_121' title='bbox 492 2300 698 2367; x_wconf 73' lang='lat' dir='ltr'><strong>reluctaret</strong></span> <span class='ocrx_word' id='word_1_122' title='bbox 718 2298 918 2382; x_wconf 76' lang='lat' dir='ltr'><strong>negligentia</strong></span> <span class='ocrx_word' id='word_1_123' title='bbox 937 2300 1163 2383; x_wconf 81' lang='lat' dir='ltr'><strong>consequitur.</strong></span> <span class='ocrx_word' id='word_1_124' title='bbox 1293 2377 1297 2383; x_wconf 25' lang='lat'><strong>¹</strong></span> <span class='ocrx_word' id='word_1_125' title='bbox 1333 2374 1336 2378; x_wconf 10' lang='grc' dir='ltr'><strong>Δ</strong></span> 
     </span>
    </p>

    <p class='ocr_par' dir='ltr' id='par_1_2' title="bbox 258 2408 1327 3156">
     <span class='ocr_line' id='line_1_18' title="bbox 300 2408 1325 2494; baseline -0.002 -17"><span class='ocrx_word' id='word_1_126' title='bbox 300 2413 452 2477; x_wconf 86' lang='lat' dir='ltr'><strong>Dicamus</strong></span> <span class='ocrx_word' id='word_1_127' title='bbox 473 2429 551 2494; x_wconf 84' lang='lat' dir='ltr'><strong>ergo</strong></span> <span class='ocrx_word' id='word_1_128' title='bbox 573 2410 613 2475; x_wconf 90' lang='lat' dir='ltr'><strong>de</strong></span> <span class='ocrx_word' id='word_1_129' title='bbox 634 2417 743 2488; x_wconf 89' lang='lat' dir='ltr'><strong>motu,</strong></span> <span class='ocrx_word' id='word_1_130' title='bbox 760 2408 904 2491; x_wconf 85' lang='lat' dir='ltr'><strong>qualiter</strong></span> <span class='ocrx_word' id='word_1_131' title='bbox 919 2411 1011 2476; x_wconf 82' lang='lat' dir='ltr'><strong>visus</strong></span> <span class='ocrx_word' id='word_1_132' title='bbox 1025 2411 1193 2493; x_wconf 85' lang='lat' dir='ltr'><strong>cognoscit</strong></span> <span class='ocrx_word' id='word_1_133' title='bbox 1207 2431 1325 2493; x_wconf 84' lang='lat' dir='ltr'><strong>unam·</strong></span> 
     </span>
     <span class='ocr_line' id='line_1_19' title="bbox 258 2519 1324 2605; baseline 0.001 -18"><span class='ocrx_word' id='word_1_134' title='bbox 258 2540 426 2605; x_wconf 87' lang='lat' dir='ltr'><strong>quamque</strong></span> <span class='ocrx_word' id='word_1_135' title='bbox 441 2521 627 2604; x_wconf 82' lang='lat' dir='ltr'><strong>specierum</strong></span> <span class='ocrx_word' id='word_1_136' title='bbox 648 2522 732 2598; x_wconf 89' lang='lat' dir='ltr'><strong>eius,</strong></span> <span class='ocrx_word' id='word_1_137' title='bbox 750 2527 788 2585; x_wconf 96' lang='lat' dir='ltr'><strong>ut</strong></span> <span class='ocrx_word' id='word_1_138' title='bbox 807 2519 904 2585; x_wconf 90' lang='lat' dir='ltr'><strong>illam</strong></span> <span class='ocrx_word' id='word_1_139' title='bbox 925 2539 1011 2604; x_wconf 90' lang='lat' dir='ltr'><strong>quae</strong></span> <span class='ocrx_word' id='word_1_140' title='bbox 1033 2527 1083 2601; x_wconf 83' lang='lat' dir='ltr'><strong>est</strong></span> <span class='ocrx_word' id='word_1_141' title='bbox 1101 2521 1139 2585; x_wconf 92' lang='lat' dir='ltr'><strong>in</strong></span> <span class='ocrx_word' id='word_1_142' title='bbox 1161 2523 1324 2604; x_wconf 88' lang='lat' dir='ltr'><strong>magnitu-</strong></span> 
     </span>
     <span class='ocr_line' id='line_1_20' title="bbox 258 2630 1326 2716; baseline 0.003 -18"><span class='ocrx_word' id='word_1_143' title='bbox 258 2634 355 2710; x_wconf 85' lang='lat' dir='ltr'><strong>dine,</strong></span> <span class='ocrx_word' id='word_1_144' title='bbox 378 2640 410 2699; x_wconf 91' lang='lat' dir='ltr'><strong>et</strong></span> <span class='ocrx_word' id='word_1_145' title='bbox 429 2638 566 2698; x_wconf 85' lang='lat' dir='ltr'><strong>vocatur</strong></span> <span class='ocrx_word' id='word_1_146' title='bbox 586 2638 803 2715; x_wconf 87' lang='lat' dir='ltr'><strong>augmentum</strong></span> <span class='ocrx_word' id='word_1_147' title='bbox 826 2638 860 2695; x_wconf 89' lang='lat' dir='ltr'><strong>et</strong></span> <span class='ocrx_word' id='word_1_148' title='bbox 880 2630 1040 2709; x_wconf 92' lang='lat' dir='ltr'><strong>minutio,</strong></span> <span class='ocrx_word' id='word_1_149' title='bbox 1062 2640 1097 2697; x_wconf 92' lang='lat' dir='ltr'><strong>et</strong></span> <span class='ocrx_word' id='word_1_150' title='bbox 1121 2630 1217 2711; x_wconf 83' lang='lat' dir='ltr'><strong>illam</strong></span> <span class='ocrx_word' id='word_1_151' title='bbox 1239 2652 1326 2716; x_wconf 81' lang='lat' dir='ltr'><strong>quae</strong></span> 
     </span>
     <span class='ocr_line' id='line_1_21' title="bbox 259 2742 1324 2829; baseline 0.003 -23"><span class='ocrx_word' id='word_1_152' title='bbox 259 2743 297 2809; x_wconf 89' lang='lat' dir='ltr'><strong>iu</strong></span> <span class='ocrx_word' id='word_1_153' title='bbox 317 2743 433 2825; x_wconf 82' lang='lat' dir='ltr'><strong>liguris</strong></span> <span class='ocrx_word' id='word_1_154' title='bbox 453 2750 486 2809; x_wconf 91' lang='lat' dir='ltr'><strong>et</strong></span> <span class='ocrx_word' id='word_1_155' title='bbox 505 2742 685 2819; x_wconf 88' lang='lat' dir='ltr'><strong>coloribus,</strong></span> <span class='ocrx_word' id='word_1_156' title='bbox 706 2749 809 2829; x_wconf 84' lang='lat' dir='ltr'><strong>otest</strong></span> <span class='ocrx_word' id='word_1_157' title='bbox 829 2742 967 2811; x_wconf 90' lang='lat' dir='ltr'><strong>mutatio</strong></span> <span class='ocrx_word' id='word_1_158' title='bbox 984 2760 1102 2808; x_wconf 86' lang='lat' dir='ltr'><strong>eorum</strong></span> <span class='ocrx_word' id='word_1_159' title='bbox 1115 2743 1164 2809; x_wconf 87' lang='lat' dir='ltr'><strong>eis</strong></span> <span class='ocrx_word' id='word_1_160' title='bbox 1176 2744 1324 2828; x_wconf 85' lang='lat' dir='ltr'><strong>propria,</strong></span> 
     </span>
     <span class='ocr_line' id='line_1_22' title="bbox 260 2852 1325 2943; baseline 0.001 -23"><span class='ocrx_word' id='word_1_161' title='bbox 260 2862 293 2921; x_wconf 91' lang='lat' dir='ltr'><strong>et</strong></span> <span class='ocrx_word' id='word_1_162' title='bbox 313 2853 406 2923; x_wconf 88' lang='lat' dir='ltr'><strong>illam</strong></span> <span class='ocrx_word' id='word_1_163' title='bbox 426 2871 513 2935; x_wconf 82' lang='lat' dir='ltr'><strong>quae</strong></span> <span class='ocrx_word' id='word_1_164' title='bbox 532 2855 569 2919; x_wconf 92' lang='lat' dir='ltr'><strong>in</strong></span> <span class='ocrx_word' id='word_1_165' title='bbox 591 2853 802 2936; x_wconf 86' lang='lat' dir='ltr'><strong>corporibus,</strong></span> <span class='ocrx_word' id='word_1_166' title='bbox 825 2861 858 2920; x_wconf 92' lang='lat' dir='ltr'><strong>et</strong></span> <span class='ocrx_word' id='word_1_167' title='bbox 877 2859 927 2919; x_wconf 90' lang='lat' dir='ltr'><strong>est</strong></span> <span class='ocrx_word' id='word_1_168' title='bbox 947 2852 1129 2921; x_wconf 87' lang='lat' dir='ltr'><strong>translatio.</strong></span> <span class='ocrx_word' id='word_1_169' title='bbox 1149 2855 1229 2943; x_wconf 57' lang='lat'><strong>2⁰22</strong></span> <span class='ocrx_word' id='word_1_170' title='bbox 1241 2855 1325 2921; x_wconf 84' lang='lat' dir='ltr'><strong>hoec</strong></span> 
     </span>
     <span class='ocr_line' id='line_1_23' title="bbox 259 2963 1327 3047; baseline 0.001 -19"><span class='ocrx_word' id='word_1_171' title='bbox 259 2983 337 3030; x_wconf 88' lang='lat' dir='ltr'><strong>vero</strong></span> <span class='ocrx_word' id='word_1_172' title='bbox 361 2965 513 3047; x_wconf 88' lang='lat' dir='ltr'><strong>sequitur</strong></span> <span class='ocrx_word' id='word_1_173' title='bbox 539 2963 674 3041; x_wconf 84' lang='lat' dir='ltr'><strong>babitus</strong></span> <span class='ocrx_word' id='word_1_174' title='bbox 695 2963 737 3029; x_wconf 92' lang='lat' dir='ltr'><strong>de</strong></span> <span class='ocrx_word' id='word_1_175' title='bbox 758 2963 1043 3044; x_wconf 87' lang='lat' dir='ltr'><strong>dubitationibus,</strong></span> <span class='ocrx_word' id='word_1_176' title='bbox 1065 2981 1150 3047; x_wconf 90' lang='lat' dir='ltr'><strong>quae</strong></span> <span class='ocrx_word' id='word_1_177' title='bbox 1170 2964 1327 3031; x_wconf 87' lang='lat' dir='ltr'><strong>accidunt</strong></span> 
     </span>
     <span class='ocr_line' id='line_1_24' title="bbox 258 3072 869 3156; baseline -0.002 -17"><span class='ocrx_word' id='word_1_178' title='bbox 258 3075 345 3145; x_wconf 83' lang='lat' dir='ltr'><strong>visui</strong></span> <span class='ocrx_word' id='word_1_179' title='bbox 365 3075 403 3139; x_wconf 89' lang='lat' dir='ltr'><strong>in</strong></span> <span class='ocrx_word' id='word_1_180' title='bbox 423 3072 565 3156; x_wconf 87' lang='lat' dir='ltr'><strong>singulis</strong></span> <span class='ocrx_word' id='word_1_181' title='bbox 587 3074 686 3140; x_wconf 86' lang='lat' dir='ltr'><strong>rebus</strong></span> <span class='ocrx_word' id='word_1_182' title='bbox 707 3074 869 3152; x_wconf 84' lang='lat' dir='ltr'><strong>videndis.</strong></span> 
     </span>
    </p>

    <p class='ocr_par' dir='ltr' id='par_1_3' title="bbox 258 3184 1411 4162">
     <span class='ocr_line' id='line_1_25' title="bbox 299 3184 1324 3281; baseline 0.003 -30"><span class='ocrx_word' id='word_1_183' title='bbox 299 3185 410 3251; x_wconf 83' lang='lat' dir='ltr'><strong>Primo</strong></span> <span class='ocrx_word' id='word_1_184' title='bbox 424 3185 560 3267; x_wconf 84' lang='lat' dir='ltr'><strong>quidem</strong></span> <span class='ocrx_word' id='word_1_185' title='bbox 575 3185 717 3249; x_wconf 89' lang='lat' dir='ltr'><strong>dicimus</strong></span> <span class='ocrx_word' id='word_1_186' title='bbox 730 3185 820 3267; x_wconf 87' lang='lat' dir='ltr'><strong>quod</strong></span> <span class='ocrx_word' id='word_1_187' title='bbox 833 3184 960 3267; x_wconf 88' lang='lat' dir='ltr'><strong>species</strong></span> <span class='ocrx_word' id='word_1_188' title='bbox 972 3191 1083 3281; x_wconf 86' lang='lat' dir='ltr'><strong>motus</strong></span> <span class='ocrx_word' id='word_1_189' title='bbox 1093 3185 1324 3254; x_wconf 81' lang='lat' dir='ltr'><strong>universarum</strong></span> 
     </span>
     <span class='ocr_line' id='line_1_26' title="bbox 258 3294 1323 3380; baseline 0 -18"><span class='ocrx_word' id='word_1_190' title='bbox 258 3315 383 3374; x_wconf 90' lang='lat' dir='ltr'><strong>rerum,</strong></span> <span class='ocrx_word' id='word_1_191' title='bbox 395 3302 527 3378; x_wconf 82' lang='lat' dir='ltr'><strong>excepto</strong></span> <span class='ocrx_word' id='word_1_192' title='bbox 540 3302 635 3361; x_wconf 91' lang='lat' dir='ltr'><strong>motu</strong></span> <span class='ocrx_word' id='word_1_193' title='bbox 646 3294 882 3373; x_wconf 85' lang='lat' dir='ltr'><strong>translationis,</strong></span> <span class='ocrx_word' id='word_1_194' title='bbox 895 3302 946 3361; x_wconf 91' lang='lat' dir='ltr'><strong>est</strong></span> <span class='ocrx_word' id='word_1_195' title='bbox 959 3296 1116 3380; x_wconf 66' lang='lat' dir='ltr'><strong>simplem</strong></span> <span class='ocrx_word' id='word_1_196' title='bbox 1126 3297 1211 3365; x_wconf 89' lang='lat' dir='ltr'><strong>illud</strong></span> <span class='ocrx_word' id='word_1_197' title='bbox 1222 3298 1323 3376; x_wconf 88' lang='lat' dir='ltr'><strong>onim,</strong></span> 
     </span>
     <span class='ocr_line' id='line_1_27' title="bbox 258 3406 1323 3492; baseline 0.001 -18"><span class='ocrx_word' id='word_1_198' title='bbox 258 3427 319 3491; x_wconf 91' lang='lat' dir='ltr'><strong>per</strong></span> <span class='ocrx_word' id='word_1_199' title='bbox 346 3408 437 3490; x_wconf 90' lang='lat' dir='ltr'><strong>quod</strong></span> <span class='ocrx_word' id='word_1_200' title='bbox 463 3408 555 3473; x_wconf 86' lang='lat' dir='ltr'><strong>visus</strong></span> <span class='ocrx_word' id='word_1_201' title='bbox 577 3406 746 3490; x_wconf 89' lang='lat' dir='ltr'><strong>cognoscit</strong></span> <span class='ocrx_word' id='word_1_202' title='bbox 765 3406 886 3490; x_wconf 86' lang='lat' dir='ltr'><strong>figuras</strong></span> <span class='ocrx_word' id='word_1_203' title='bbox 909 3413 941 3473; x_wconf 90' lang='lat' dir='ltr'><strong>et</strong></span> <span class='ocrx_word' id='word_1_204' title='bbox 961 3407 1089 3473; x_wconf 88' lang='lat' dir='ltr'><strong>colores</strong></span> <span class='ocrx_word' id='word_1_205' title='bbox 1111 3416 1144 3474; x_wconf 90' lang='lat' dir='ltr'><strong>et</strong></span> <span class='ocrx_word' id='word_1_206' title='bbox 1164 3426 1323 3492; x_wconf 84' lang='lat' dir='ltr'><strong>corpora,</strong></span> 
     </span>
     <span class='ocr_line' id='line_1_28' title="bbox 258 3518 1411 3603; baseline -0.002 -16"><span class='ocrx_word' id='word_1_207' title='bbox 258 3519 368 3603; x_wconf 83' lang='lat' dir='ltr'><strong>passio</strong></span> <span class='ocrx_word' id='word_1_208' title='bbox 394 3526 462 3599; x_wconf 93' lang='lat' dir='ltr'><strong>est,</strong></span> <span class='ocrx_word' id='word_1_209' title='bbox 482 3537 566 3601; x_wconf 87' lang='lat' dir='ltr'><strong>quae</strong></span> <span class='ocrx_word' id='word_1_210' title='bbox 587 3519 623 3583; x_wconf 91' lang='lat' dir='ltr'><strong>in</strong></span> <span class='ocrx_word' id='word_1_211' title='bbox 646 3537 685 3585; x_wconf 90' lang='lat' dir='ltr'><strong>eo</strong></span> <span class='ocrx_word' id='word_1_212' title='bbox 706 3518 755 3596; x_wconf 87' lang='lat' dir='ltr'><strong>fit,</strong></span> <span class='ocrx_word' id='word_1_213' title='bbox 770 3525 804 3584; x_wconf 90' lang='lat' dir='ltr'><strong>et</strong></span> <span class='ocrx_word' id='word_1_214' title='bbox 816 3518 979 3597; x_wconf 87' lang='lat' dir='ltr'><strong>accidens,</strong></span> <span class='ocrx_word' id='word_1_215' title='bbox 995 3519 1085 3603; x_wconf 87' lang='lat' dir='ltr'><strong>quod</strong></span> <span class='ocrx_word' id='word_1_216' title='bbox 1098 3520 1163 3603; x_wconf 89' lang='lat' dir='ltr'><strong>ipsi</strong></span> <span class='ocrx_word' id='word_1_217' title='bbox 1176 3522 1323 3603; x_wconf 87' lang='lat' dir='ltr'><strong>passioni</strong></span> <span class='ocrx_word' id='word_1_218' title='bbox 1408 3588 1411 3593; x_wconf 76' lang='grc'>,</span> 
     </span>
     <span class='ocr_line' id='line_1_29' title="bbox 258 3629 1323 3713; baseline 0.001 -16"><span class='ocrx_word' id='word_1_219' title='bbox 258 3631 393 3711; x_wconf 75' lang='lat' dir='ltr'><strong>moidit3</strong></span> <span class='ocrx_word' id='word_1_220' title='bbox 415 3638 494 3695; x_wconf 89' lang='lat' dir='ltr'><strong>tuuc</strong></span> <span class='ocrx_word' id='word_1_221' title='bbox 515 3631 605 3696; x_wconf 91' lang='lat' dir='ltr'><strong>enim</strong></span> <span class='ocrx_word' id='word_1_222' title='bbox 625 3630 725 3697; x_wconf 88' lang='lat' dir='ltr'><strong>sentit</strong></span> <span class='ocrx_word' id='word_1_223' title='bbox 746 3648 795 3707; x_wconf 88' lang='lat' dir='ltr'><strong>ea,</strong></span> <span class='ocrx_word' id='word_1_224' title='bbox 815 3637 851 3697; x_wconf 90' lang='lat' dir='ltr'><strong>et</strong></span> <span class='ocrx_word' id='word_1_225' title='bbox 870 3629 1025 3713; x_wconf 89' lang='lat' dir='ltr'><strong>intelligit</strong></span> <span class='ocrx_word' id='word_1_226' title='bbox 1037 3632 1257 3698; x_wconf 89' lang='lat' dir='ltr'><strong>mutationem</strong></span> <span class='ocrx_word' id='word_1_227' title='bbox 1271 3651 1323 3699; x_wconf 90' lang='lat' dir='ltr'><strong>eo-</strong></span> 
     </span>
     <span class='ocr_line' id='line_1_30' title="bbox 258 3742 1324 3825; baseline 0.002 -18"><span class='ocrx_word' id='word_1_228' title='bbox 258 3763 355 3821; x_wconf 91' lang='lat' dir='ltr'><strong>rum,</strong></span> <span class='ocrx_word' id='word_1_229' title='bbox 377 3742 509 3825; x_wconf 85' lang='lat' dir='ltr'><strong>quando</strong></span> <span class='ocrx_word' id='word_1_230' title='bbox 530 3743 684 3809; x_wconf 90' lang='lat' dir='ltr'><strong>sensibili</strong></span> <span class='ocrx_word' id='word_1_231' title='bbox 704 3743 887 3809; x_wconf 87' lang='lat' dir='ltr'><strong>mutatione</strong></span> <span class='ocrx_word' id='word_1_232' title='bbox 907 3744 944 3809; x_wconf 90' lang='lat' dir='ltr'><strong>in</strong></span> <span class='ocrx_word' id='word_1_233' title='bbox 966 3744 1086 3810; x_wconf 92' lang='lat' dir='ltr'><strong>minori</strong></span> <span class='ocrx_word' id='word_1_234' title='bbox 1114 3744 1324 3813; x_wconf 88' lang='lat' dir='ltr'><strong>sensibilium</strong></span> 
     </span>
     <span class='ocr_line' id='line_1_31' title="bbox 260 3855 1325 3972; baseline 0.001 -53"><span class='ocrx_word' id='word_1_235' title='bbox 260 3862 446 3948; x_wconf 87' lang='lat' dir='ltr'><strong>temporum</strong></span> <span class='ocrx_word' id='word_1_236' title='bbox 459 3860 642 3934; x_wconf 88' lang='lat' dir='ltr'><strong>mutantur,</strong></span> <span class='ocrx_word' id='word_1_237' title='bbox 657 3863 695 3919; x_wconf 89' lang='lat' dir='ltr'><strong>ut</strong></span> <span class='ocrx_word' id='word_1_238' title='bbox 709 3863 934 3935; x_wconf 85' lang='lat' dir='ltr'><strong>augmentum,</strong></span> <span class='ocrx_word' id='word_1_239' title='bbox 950 3855 1041 3938; x_wconf 89' lang='lat' dir='ltr'><strong>quod</strong></span> <span class='ocrx_word' id='word_1_240' title='bbox 1055 3856 1169 3972; x_wconf 58' lang='lat' dir='ltr'><strong>sentit³</strong></span> <span class='ocrx_word' id='word_1_241' title='bbox 1179 3874 1255 3927; x_wconf 83' lang='lat' dir='ltr'><strong>tum</strong></span> <span class='ocrx_word' id='word_1_242' title='bbox 1269 3874 1325 3921; x_wconf 82' lang='lat' dir='ltr'><strong>en·</strong></span> 
     </span>
     <span class='ocr_line' id='line_1_32' title="bbox 259 3965 1324 4059; baseline 0.002 -28"><span class='ocrx_word' id='word_1_243' title='bbox 259 3965 367 4048; x_wconf 83' lang='lat' dir='ltr'><strong>gulos,</strong></span> <span class='ocrx_word' id='word_1_244' title='bbox 388 3967 446 4049; x_wconf 91' lang='lat' dir='ltr'><strong>qui</strong></span> <span class='ocrx_word' id='word_1_245' title='bbox 468 3984 569 4031; x_wconf 90' lang='lat' dir='ltr'><strong>unam</strong></span> <span class='ocrx_word' id='word_1_246' title='bbox 584 3973 616 4031; x_wconf 91' lang='lat' dir='ltr'><strong>et</strong></span> <span class='ocrx_word' id='word_1_247' title='bbox 631 3967 771 4032; x_wconf 84' lang='lat' dir='ltr'><strong>eandem</strong></span> <span class='ocrx_word' id='word_1_248' title='bbox 789 3967 1061 4059; x_wconf 86' lang='lat' dir='ltr'><strong>magnitudinem,</strong></span> <span class='ocrx_word' id='word_1_249' title='bbox 1077 3985 1183 4031; x_wconf 89' lang='lat' dir='ltr'><strong>unum</strong></span> <span class='ocrx_word' id='word_1_250' title='bbox 1197 3974 1233 4036; x_wconf 88' lang='lat' dir='ltr'><strong>ot</strong></span> <span class='ocrx_word' id='word_1_251' title='bbox 1246 3986 1324 4033; x_wconf 90' lang='lat' dir='ltr'><strong>eun·</strong></span> 
     </span>
     <span class='ocr_line' id='line_1_33' title="bbox 261 4060 1325 4162; baseline 0.004 -19"><span class='ocrx_word' id='word_1_252' title='bbox 261 4060 336 4145; x_wconf 85' lang='lat' dir='ltr'><strong>dem</strong></span> <span class='ocrx_word' id='word_1_253' title='bbox 356 4083 480 4151; x_wconf 88' lang='lat' dir='ltr'><strong>statum</strong></span> <span class='ocrx_word' id='word_1_254' title='bbox 501 4078 678 4145; x_wconf 82' lang='lat' dir='ltr'><strong>habentem</strong></span> <span class='ocrx_word' id='word_1_255' title='bbox 699 4077 855 4158; x_wconf 78' lang='lat' dir='ltr'><strong>coudnot,</strong></span> <span class='ocrx_word' id='word_1_256' title='bbox 876 4078 979 4147; x_wconf 74' lang='lat' dir='ltr'><strong>iueut</strong></span> <span class='ocrx_word' id='word_1_257' title='bbox 997 4078 1104 4147; x_wconf 89' lang='lat' dir='ltr'><strong>maior</strong></span> <span class='ocrx_word' id='word_1_258' title='bbox 1124 4096 1227 4162; x_wconf 83' lang='lat' dir='ltr'><strong>guam</strong></span> <span class='ocrx_word' id='word_1_259' title='bbox 1247 4079 1325 4147; x_wconf 83' lang='lat' dir='ltr'><strong>ortt-</strong></span> 
     </span>
    </p>
   </div>
   <div class='ocr_carea' id='block_1_2' title="bbox 1275 4227 1294 4280">
    <p class='ocr_par' dir='ltr' id='par_1_4' title="bbox 1275 4227 1294 4280">
     <span class='ocr_line' id='line_1_34' title="bbox 1275 4227 1294 4280; baseline 0 0"><span class='ocrx_word' id='word_1_260' title='bbox 1275 4227 1294 4280; x_wconf 76' lang='grc'><strong>3</strong></span> 
     </span>
    </p>
   </div>
   <div class='ocr_carea' id='block_1_3' title="bbox 0 0 1645 5364">
    <p class='ocr_par' dir='ltr' id='par_1_5' title="bbox 0 0 1645 5364">
     <span class='ocr_line' id='line_1_35' title="bbox 0 0 1645 5364; baseline 0 0"><span class='ocrx_word' id='word_1_261' title='bbox 0 0 1645 5364; x_wconf 95' lang='lat' dir='ltr'><strong> </strong></span> 
     </span>
    </p>
   </div>
  </div>
 </body>
</html>
