3278 5364
321 526 382 590 128

321 640 401 703 tiam
422 642 496 703 aab
519 659 537 702 o
559 648 592 702 et
608 658 627 702 z
644 657 664 701 a
681 645 802 719 puncto
824 658 858 717 p,
875 645 908 701 et
925 638 988 701 erit
1004 638 1146 702 formai
1167 639 1205 701 in
1222 639 1299 722 ipso
1313 656 1395 721 pun·

320 756 373 812 cto
389 751 415 811 b.
434 750 514 811 Cum
537 756 649 811 autern
666 748 791 810 fuerint
807 751 932 813 formae
944 767 959 811 e
970 770 1009 823 ,a
1027 766 1130 829 super
1145 757 1289 829 punctos
1307 752 1336 826 l,
1348 770 1395 827 m,

235 874 239 881 ’
318 859 484 923 videbitur
505 859 613 921 forma
633 859 700 935 abr
721 876 822 920 curva
842 877 944 939 super
961 858 1087 922 lineam
1108 861 1183 922 lbm
1204 867 1346 935 rectam,
1363 869 1396 925 et

319 986 395 1031 oum
417 969 541 1031 fuerint
562 970 688 1032 formae
706 986 750 1031 ez
770 969 908 1032 interut
931 975 963 1032 et
977 970 1156 1048 interam,
1177 969 1288 1033 forma
1307 971 1396 1035 ride-

317 1080 408 1142 bitur
421 1097 572 1142 concava.
594 1080 658 1141 Res
674 1080 774 1152 enim,
787 1097 864 1143 cum
879 1079 1109 1159 proportiones
1124 1079 1299 1143 radiorum
1314 1080 1395 1145 obli·

319 1207 466 1269 quorum
498 1190 686 1252 cadentium
713 1207 812 1269 super
838 1207 893 1252 eas
920 1190 962 1252 ad
989 1190 1098 1253 radios
1128 1197 1237 1253 rectos
1268 1190 1394 1255 fuerint

320 1300 477 1372 minores,
493 1307 651 1380 apparent
667 1317 839 1374 concavae,
856 1307 980 1361 etcum
997 1299 1098 1362 fuerit
1112 1300 1222 1363 forma
1237 1284 1286 1363 ai
1306 1307 1395 1365 extra

319 1415 461 1489 punctos
482 1410 509 1483 t,
523 1429 570 1483 m,
592 1411 700 1472 forma
714 1411 786 1471 eius
800 1409 968 1472 videbitur
989 1428 1089 1490 super
1105 1407 1233 1475 lineum
1247 1428 1394 1475 curvam.

318 1519 442 1581 Accidit
464 1518 563 1581 etiam
585 1519 680 1582 aliter
701 1536 802 1598 quarn
824 1518 986 1605 diximus,
1010 1519 1138 1613 quoties
1159 1521 1394 1601 proportiones

316 1628 485 1691 radiorum
501 1628 742 1692 declinantium
754 1630 795 1691 ad
806 1636 911 1693 rectos
927 1637 1028 1692 erunt
1038 1647 1193 1709 magnam
1211 1629 1307 1695 tinea
1317 1649 1392 1711 ergo

319 1740 401 1812 tim,
425 1756 509 1818 qnae
525 1747 574 1802 est
587 1746 687 1811 recta,
704 1757 780 1801 cum
798 1738 926 1819 aliquid
944 1741 986 1803 ad
1002 1740 1287 1819 comparationem
1301 1738 1392 1805 illius
1416 1754 1424 1775 ·

318 1849 419 1911 fuerit
440 1867 637 1923 concavum,
655 1856 687 1913 et
703 1851 776 1931 ipsa
795 1850 858 1912 erit
879 1867 1024 1913 concava
1043 1848 1252 1929 simpliciter,
1270 1857 1395 1915 etcum

320 1957 446 2038 aliquid
478 1960 519 2021 ad
550 1961 830 2041 comparationem
857 1960 930 2023 eius
955 1959 1055 2023 fuerit
1079 1978 1234 2036 curvum,
1263 1968 1299 2025 et
1324 1960 1395 2043 ipsa

319 2069 383 2131 erit
403 2087 503 2131 curva
525 2068 730 2149 simpliciter.
933 2070 936 2076 '

360 2180 486 2242 Iterum
515 2187 658 2259 ponatur
685 2180 792 2243 forma
819 2179 904 2241 inter
931 2178 1042 2243 visum
1072 2185 1106 2242 et
1134 2181 1336 2261 speculum,
1362 2187 1395 2247 et

319 2296 387 2352 esto
416 2290 519 2352 sectio
548 2290 663 2373 circuli
685 2290 719 2351 in
743 2291 878 2371 speculo
907 2308 1052 2354 concavo
1074 2291 1143 2369 adp
1167 2290 1235 2370 (pp.
1257 2292 1337 2369 tot,
1363 2298 1394 2357 et

319 2407 470 2462 centrum
499 2400 615 2462 circuli
635 2404 675 2475 d,
705 2408 739 2463 et
766 2400 981 2481 protrahatur
1005 2399 1096 2463 linea
1122 2402 1190 2463 adt
1216 2402 1393 2482 perpendi·

319 2509 441 2573 cularis
459 2528 561 2590 super
581 2511 770 2592 specuium,
793 2511 901 2590 sitque
922 2512 1014 2574 visus
1037 2517 1181 2592 punctus
1201 2531 1232 2586 e,
1254 2517 1290 2575 et
1308 2512 1395 2577 linea

320 2638 405 2700 qnae
421 2621 554 2702 copulat
569 2622 729 2684 terminos
744 2623 793 2683 rei
808 2622 969 2685 videndae
979 2624 1034 2698 aa,
1055 2628 1088 2684 et
1105 2627 1195 2685 secet
1211 2639 1290 2685 eam
1307 2621 1394 2687 linea

317 2734 363 2796 ed
393 2750 452 2812 per
476 2733 557 2794 duas
584 2732 776 2795 medietates
802 2732 978 2795 adrectos
1007 2731 1154 2811 angulos.
1182 2733 1268 2795 Cum
1294 2734 1393 2813 igitur

319 2842 497 2921 productae
519 2841 643 2903 fuerint
664 2841 772 2906 lineae
796 2844 876 2921 adp,
896 2842 986 2915 Mt,-
1000 2841 1338 2922 apparebit·⁸tormss
1357 2843 1392 2907 in

320 2959 438 3032 puncto
453 2962 476 3027 t,
491 2960 524 3014 et
537 2952 676 3013 format
692 2952 728 3013 in
746 2959 868 3032 puncto
880 2952 908 3014 k.
920 2951 1098 3032 copuletur
1109 2969 1186 3031 ergo
1197 2951 1350 3028 lineatk,
1362 2958 1394 3018 et

320 3063 519 3142 producatur
533 3064 574 3124 ad
590 3062 891 3125 circumferentiam
909 3063 944 3123 in
962 3067 1085 3142 puncto
1096 3064 1119 3137 l,
1136 3070 1171 3125 et
1187 3064 1396 3142 protrahatur

319 3173 408 3236 linea
426 3174 513 3246 idm,
536 3182 567 3236 et
587 3174 744 3252 iungatur
760 3171 870 3235 lineae
887 3175 943 3246 stt,
962 3190 1037 3235 eum
1054 3173 1155 3236 fuerit
1172 3174 1344 3253 producte,
1360 3174 1394 3237 in

318 3290 439 3362 puncto
451 3301 492 3344 m.
504 3284 621 3345 Forma
637 3301 713 3361 ergo
730 3283 889 3363 punctim
904 3281 1067 3379 videbitur
1081 3282 1169 3345 inter
1182 3286 1364 3363 punctosd,
1374 3286 1394 3346 l.

319 3393 432 3456 Nullus
455 3395 546 3455 enim
563 3393 735 3456 radiorum
754 3411 773 3454 a
788 3393 864 3455 visu
880 3392 1130 3472 procedentium
1147 3393 1346 3473 refringitur
1356 3392 1393 3457 da

319 3510 440 3585 puncto
454 3506 466 3565 1
488 3505 529 3565 ad
543 3521 580 3564 m·
598 3504 640 3566 ad
663 3502 817 3581 aequales
833 3501 988 3581 angulum
1010 3509 1043 3565 et
1057 3501 1088 3565 si
1103 3518 1167 3564 nos
1185 3503 1393 3567 existimave-

319 3615 423 3676 rimus
445 3599 718 3693 formam'puncti
733 3632 765 3673 m
782 3614 817 3674 in
833 3622 955 3693 puncto
971 3632 1012 3688 a,
1033 3612 1141 3675 forma
1152 3612 1272 3693 utique
1287 3611 1392 3677 lineae
1442 3612 1447 3619 ’

318 3726 375 3786 mit
389 3731 506 3796 rectae,
522 3723 685 3786 videbitur
699 3742 797 3804 super
811 3723 936 3786 lineam
951 3740 1035 3802 quae
1049 3722 1168 3785 transit
1181 3740 1243 3803 per
1255 3730 1392 3803 punctos
1468 3752 1473 3759 ·

320 3836 348 3909 t,
362 3845 382 3908 t,
394 3854 429 3908 a,
446 3841 479 3896 et
495 3833 556 3896 erit
570 3851 752 3897 concavum
767 3833 853 3897 latus
867 3833 968 3896 huius
984 3833 1113 3896 formae
1126 3850 1146 3894 a
1157 3839 1251 3912 parte
1270 3832 1392 3897 visun

321 3944 479 4007 Similiter
501 3946 600 4007 etiam
622 3945 675 4017 fit,
699 3944 726 4006 si
751 3943 1064 4019 existimaverimus,
1087 3944 1177 4023 quod
1197 3941 1292 4007 linea
1312 3960 1392 4025 queo

322 4054 438 4116 transit
459 4074 517 4135 per
540 4063 678 4134 punctos
692 4057 759 4130 z‚t
781 4054 824 4116 sit
845 4052 1026 4128 circularis,
1048 4060 1082 4117 et
1103 4071 1288 4117 concavum
1309 4052 1389 4117 latu
