3278 5364
1273 545 1335 609 145

260 657 352 723 aliud
374 656 619 738 practer.illam
643 657 686 719 sit
707 657 774 736 ibi;
798 656 905 736 sitque
929 656 1087 721 diameter
1108 677 1169 738 nep
1192 674 1334 738 perpen-

260 766 417 832 dicularis
445 785 546 847 super
576 785 681 847 aquae
709 767 930 848 superficiem.
966 767 1124 831 Sumatur
1145 785 1280 849 quoque
1299 769 1338 836 in

261 878 361 942 altera
379 879 418 941 de
437 877 570 940 duabus
589 877 715 956 quartis
733 877 880 956 plancae,
896 894 981 956 quae
997 885 1076 940 sunt
1090 895 1337 958 superaquam,

260 1008 279 1053 a
300 994 461 1069 punctoc
483 987 749 1051 circumferentia
773 987 863 1061 data,
886 994 923 1049 ut
937 1005 993 1063 uz,
1018 994 1050 1050 et
1067 1007 1181 1050 rursus
1196 995 1337 1068 ponatur

259 1117 360 1180 super
381 1098 503 1162 latusz
525 1095 638 1179 aliqua
659 1115 759 1178 parva
782 1098 975 1177 magnitudo
995 1097 1150 1163 colorata.
1175 1098 1208 1160 si
1224 1099 1336 1178 itaque

260 1209 483 1291 aspexerimus
506 1226 584 1271 cum
606 1195 713 1271 alte'rc
738 1207 925 1284 oculorum,
941 1225 1117 1289 quousque
1133 1208 1337 1289 apparebunt

261 1321 359 1384 nobis
382 1325 541 1397 utraeque
564 1319 766 1399 quantitates
794 1317 934 1380 insimul
956 1337 1056 1401 super
1078 1318 1208 1381 radium
1229 1336 1338 1398 proce·

260 1428 395 1493 dentem
416 1447 436 1491 a
457 1430 558 1503 visu,
589 1428 739 1491 videlicet
762 1430 930 1508 quantitas
951 1446 970 1490 z
998 1436 1029 1491 et
1052 1428 1219 1513 quantitas
1241 1447 1277 1502 e,
1307 1436 1339 1491 et

258 1538 463 1604 voluerimus
491 1539 613 1603 fustem
639 1525 777 1618 parvum
801 1538 957 1601 subtilem
980 1557 1080 1625 super·
1102 1539 1336 1602 circumferen-

259 1651 340 1713 tiam
362 1650 550 1730 oppositam
573 1649 607 1711 in
633 1667 722 1730 aqua
745 1649 960 1724 existentem,
984 1667 1070 1729 quae
1093 1656 1142 1710 est
1162 1651 1227 1726 gd,
1254 1667 1337 1730 quo-

259 1777 367 1841 usque
389 1752 579 1839 appassrerit
601 1737 789 1821 extremitas
812 1758 923 1832 fustis,
947 1776 1032 1838 quae
1056 1763 1103 1820 est
1126 1775 1145 1819 a
1166 1764 1257 1837 parte
1276 1759 1338 1821 cir·

258 1869 495 1952 oumferentiae
517 1871 553 1930 in
576 1868 785 1949 oppositione
802 1869 945 1931 duarum
960 1868 1227 1950 magnitudinum
1243 1886 1335 1948 prae·

260 1980 443 2053 dictarum,
471 1985 503 2041 et
531 1979 773 2058 sumpserimus
796 1984 923 2057 partem
945 1978 1229 2041 circumferentiae
1253 1996 1336 2058 quae

259 2097 309 2152 est
329 2088 446 2168 interp
469 2097 501 2150 et
524 2095 777 2168 punctumque
801 2095 887 2151 recte
910 2094 1053 2168 apparet,
1076 2093 1189 2168 utpote
1204 2089 1265 2168 pit,
1286 2089 1337 2149 in·
1444 2134 1452 2149 .

259 2199 410 2262 venietur
437 2198 552 2277 utique
576 2215 706 2278 semper
728 2198 994 2260 circumferentia
1015 2198 1081 2259 ista
1101 2199 1214 2260 minor
1235 2216 1336 2279 quam

258 2328 316 2384 aa,
338 2315 372 2372 ct
393 2327 472 2371 cum
496 2309 761 2388 copulaverimus
784 2306 956 2383 limosae,
972 2310 1025 2381 eit,
1041 2309 1104 2370 erit
1118 2307 1260 2387 angulus
1274 2327 1336 2372 oea

257 2419 366 2483 maior
386 2396 509 2498 angulo
524 2421 603 2498 pata·
627 2418 718 2499 quod
739 2436 806 2480 non
829 2418 868 2479 fit
886 2418 953 2479 nisi
976 2434 1053 2480 cum
1071 2419 1190 2480 accidit
1207 2419 1339 2493 fractio,

260 2529 295 2592 id
309 2536 359 2592 est
372 2546 451 2592 cum
466 2529 579 2591 radius
593 2548 632 2593 aa
647 2529 814 2608 frangitur
828 2529 869 2592 ad
886 2529 1107 2592 haecunduur
1121 2537 1334 2608 augmentum

258 2639 393 2703 alterius
409 2639 610 2720 angulorum
629 2640 857 2720 oppositorum
875 2658 975 2719 super
992 2639 1143 2702 alterum.
1164 2641 1289 2704 Rursus
1306 2641 1334 2702 si

258 2733 626 2831 posuerimus'oculum
647 2768 747 2831 super
768 2750 1077 2830 perpendicularem
1099 2769 1158 2825 aa,
1187 2751 1333 2815 invenie·

258 2876 336 2926 mus
357 2861 497 2924 mamam
519 2862 555 2923 in
578 2860 789 2940 oppositione
812 2867 845 2924 et
866 2860 1075 2935 rectitudine,
1091 2868 1123 2924 et
1137 2863 1198 2924 erlt
1211 2862 1332 2926 cadens

259 2987 405 3050 superq,
427 2988 489 3033 nec
510 2970 630 3033 accidit
652 2971 683 3034 ei
705 2969 818 3050 aliqua
836 2972 962 3035 fractio.
986 2971 1023 3034 In
1039 2972 1206 3034 universis
1221 2978 1334 3036 autem

257 3079 399 3162 reliquis
414 3081 586 3161 speciebus
603 3082 786 3162 positionis,
803 3100 880 3144 cum
896 3083 1164 3146 circumferentia
1178 3099 1219 3145 uz
1232 3082 1333 3146 fixerit

256 3192 383 3264 maior,
405 3191 527 3253 iterum
550 3192 612 3254 erit
632 3190 901 3255 circumferentia
919 3195 965 3272 pit
986 3194 1108 3266 maior,
1131 3193 1248 3256 eterit
1269 3192 1332 3255 fra-

256 3301 323 3364 ctio
345 3301 429 3363 radii
451 3300 574 3379 maior;
596 3314 741 3382 cumque
765 3303 864 3365 fuerit
875 3302 1145 3366 circumferentia
1159 3322 1201 3365 aa
1219 3304 1331 3366 decem

257 3411 402 3493 partium
424 3411 465 3476 de
487 3413 676 3490 nonaginta,
698 3412 821 3494 quihus
845 3413 950 3475 divisa
971 3420 1021 3476 est
1039 3421 1157 3492 quarta
1175 3431 1249 3494 pers
1269 3415 1331 3476 cir-

257 3521 348 3596 culi,
377 3522 438 3585 erit
466 3523 733 3585 circumferentia
752 3525 800 3602 ph
821 3529 894 3586 octo
916 3524 1062 3604 partium
1085 3524 1126 3586 ad
1150 3541 1272 3603 prope,
1301 3530 1333 3585 et

257 3648 335 3696 cum
357 3629 512 3695 fueritne
533 3633 650 3712 viginti
668 3634 824 3714 partium,
839 3634 902 3697 erit
915 3634 961 3713 pit
980 3633 1172 3713 quindecim
1185 3632 1331 3714 partium

256 3749 291 3804 et
313 3742 494 3818 dimidiae;
524 3749 556 3806 et
585 3759 663 3806 cum
692 3745 792 3807 fuerit
812 3763 854 3807 cz
883 3744 1036 3825 triginta,
1065 3745 1127 3807 erit
1146 3747 1193 3823 pit
1213 3743 1330 3832 viginti

258 3853 402 3928 duarum
419 3860 456 3917 >et
477 3854 648 3931 dimidiam
672 3862 704 3917 et
726 3872 804 3917 cum
827 3855 987 3918 fueritne
1009 3834 1253 3936 quadraginta,
1269 3854 1332 3918 erit

256 3963 302 4042 pl
322 3962 439 4042 viginti
462 3982 594 4039 novem,
618 3972 650 4028 et
670 3982 748 4028 cum
769 3967 870 4029 fuerit
883 3984 925 4029 aa
945 3966 1194 4047 quinquaginta,
1212 3965 1274 4033 erit
1286 3968 1332 4044 pit

259 4074 392 4155 triginta
413 4075 577 4156 quinque3
593 4083 627 4139 et
648 4093 724 4140 cum
746 4076 845 4140 fuerit
860 4096 904 4140 aa
926 4077 1103 4156 sexaginta,
1120 4076 1181 4138 erit
1194 4077 1240 4155 pit
1253 4092 1332 4156 qna·

1270 4219 1303 4272 tu
