3278 5364
282 524 321 588 14

259 524 519 717 :equitumue
534 630 641 695 lineae
651 630 699 706 eb,
712 636 746 695 et
757 636 869 713 postea
883 630 1021 694 vertitur
1034 628 1114 694 inde
1127 646 1248 695 versus
1263 650 1333 713 spa-

260 746 382 811 tulum.
398 744 444 808 De
460 743 562 807 radiis
577 743 684 817 anim,
699 741 758 823 qui
774 742 956 823 procedunt
971 742 1011 804 ab
1026 744 1048 804 t
1062 747 1096 805 et
1111 741 1338 823 refringuntur

259 856 301 921 ad
315 857 372 932 ds,
388 874 457 919 una
470 854 507 917 flt
521 854 610 918 linea
624 858 754 916 tuntum
769 851 995 934 aequidistans
1011 852 1200 934 praedictae
1215 852 1335 931 lineae,

259 974 297 1032 ut
310 964 402 1031 linea
415 966 469 1031 tt.
484 965 529 1028 Do
545 963 682 1045 reliquis
699 981 778 1027 vero
793 962 882 1039 illae,
896 980 981 1044 quaa
998 968 1076 1025 sunt
1091 962 1181 1027 inter
1194 972 1336 1045 punctos

260 1079 277 1141 d
305 1084 338 1142 et
357 1078 393 1153 t,
421 1075 609 1158 iunguntur
628 1074 736 1139 lineae
758 1074 779 1137 d
786 1073 802 1136 b
824 1091 939 1137 versus
962 1072 1155 1154 speculum,
1178 1074 1227 1138 ita
1248 1074 1337 1156 quod

259 1204 336 1252 oum
358 1204 475 1252 omnes
496 1186 619 1249 fuerint
639 1190 834 1268 protractae,
853 1183 1039 1263 iunguntur
1052 1182 1083 1246 ei
1099 1190 1214 1266 utpote
1230 1184 1339 1250 lineae

259 1299 331 1375 itm,
351 1298 417 1374 λης
437 1296 516 1362 illae
536 1314 616 1360 vero
638 1313 722 1376 quae
739 1293 862 1358 eadunt
876 1293 995 1357 intera
1010 1298 1043 1356 et
1056 1292 1091 1369 t,
1106 1295 1297 1376 iunguntur
1310 1296 1342 1361 ei

258 1414 346 1472 r'etro
366 1408 490 1484 risum,
512 1406 616 1471 veluti
637 1404 745 1470 lineas
766 1407 819 1481 sit,
841 1404 896 1467 ott.
919 1405 1013 1479 Quod
1035 1412 1147 1468 autem
1170 1404 1209 1470 fit
1229 1406 1268 1469 in
1292 1408 1340 1473 eis

260 1520 300 1583 de
323 1516 539 1583 translatione
562 1516 794 1580 distantiarum
812 1521 862 1578 ast
876 1513 950 1578 hoo.
972 1516 997 1578 A
1013 1515 1252 1581 coniunctione
1267 1518 1341 1599 qui·

259 1629 336 1694 dem
358 1646 444 1711 quse
466 1628 503 1691 ut
528 1627 564 1690 in
587 1632 710 1708 punoto
725 1645 763 1702 a,
786 1625 983 1690 transfertur
997 1626 1106 1690 forma
1118 1638 1237 1691 versus
1248 1628 1284 1706 1,·
1306 1628 1339 1691 in

260 1738 400 1821 reliquis
421 1756 497 1803 roro
519 1736 811 1802 coniunctionibus
836 1735 956 1800 aooidit
975 1752 1079 1818 props
1100 1735 1174 1813 hoe,
1190 1744 1229 1801 ut
1247 1739 1342 1803 deest

260 1851 444 1925 seeundum
467 1848 648 1923 rationem,
677 1864 851 1928 quousque
879 1852 1075 1927 perventum
1103 1848 1208 1912 suerit
1228 1848 1272 1913 ad
1292 1847 1344 1913 lo·

260 1978 337 2024 eum
359 1959 636 2042 aequidistantem
658 1956 767 2021 lineae
789 1976 856 2032 em,
878 1962 912 2019 at
926 1957 991 2022 erit
1005 1958 1197 2022 constitutio
1212 1958 1341 2023 formas

259 2088 358 2152 super
377 2070 466 2150 msi,
489 2076 521 2134 ot
542 2068 619 2132 indo
642 2068 704 2131 erit
725 2067 870 2131 reversio
893 2067 1021 2131 formae
1038 2075 1174 2149 propter
1189 2068 1344 2151 debilita-

262 2186 327 2245 tem
357 2181 470 2255 visus,
499 2179 558 2260 qui
581 2178 736 2258 opinatur
758 2194 811 2240 res
832 2177 1021 2241 secundum
1051 2176 1345 2258 aequidistantiam

258 2291 392 2373 positas,
409 2307 481 2355 asse
501 2288 667 2362 infinitas,
686 2293 718 2351 et
735 2292 829 2368 putat
845 2287 935 2369 quod
948 2285 1120 2367 longitudo
1137 2288 1344 2355 coniunctio·

262 2399 315 2464 nis
346 2418 430 2482 quae
459 2398 497 2461 flt
524 2399 559 2460 in
581 2399 702 2471 rebus,
729 2414 815 2477 quae
837 2396 1020 2461 succedunt
1040 2395 1130 2472 illis,
1154 2380 1345 2479 quaesunt

260 2510 464 2593 propinquae
488 2506 799 2589 aequidistantibus,
821 2506 1008 2570 extenditur
1024 2523 1203 2588 quousque
1220 2507 1278 2573 flat
1292 2509 1342 2571 in·

261 2617 584 2701 comprehensibilis,
600 2617 629 2679 si
647 2617 747 2680 etiam
766 2616 941 2696 attingeret
957 2615 1105 2697 pleiades
1122 2622 1180 2681 aut
1194 2618 1343 2699 qualoru-

262 2746 405 2809 oumque
429 2728 634 2801 distantiam,
659 2734 770 2808 utpote
793 2726 930 2807 quidam
946 2727 1139 2808 opinantur.
1154 2727 1254 2791 Visus
1269 2746 1343 2810 orgo

260 2844 395 2921 proptor
415 2839 482 2902 hoo
502 2837 643 2901 vertitur
664 2838 706 2900 ad
727 2837 889 2900 terminos
910 2836 1121 2911 moderatos,
1145 2842 1180 2901 et
1202 2838 1343 2919 quiade
1421 2853 1424 2857 ·

263 2948 496 3012 coniunctione
519 2947 683 3028 quaedam
706 2945 743 3007 flt
760 2952 849 3009 retro
863 2947 985 3020 visum,
1000 2964 1053 3009 res
1068 2951 1183 3011 autam
1197 2948 1344 3013 videnda

263 3063 313 3121 ast
337 3056 378 3119 ad
399 3054 543 3119 invicem
559 3053 728 3128 oontinua,
743 3058 872 3133 oportet
885 3054 1073 3117 necessario
1088 3053 1215 3119 formas
1231 3073 1343 3121 rorum

264 3183 337 3231 esse
359 3166 486 3229 similes
509 3165 543 3227 in
567 3164 722 3246 speeiem.
745 3164 792 3227 De
815 3163 1054 3227 coniunctione
1077 3170 1190 3227 autem
1207 3182 1295 3246 quae
1311 3168 1346 3231 ut

263 3282 338 3359 post
358 3277 382 3354 t,
404 3292 536 3357 semper
557 3275 619 3339 erit
634 3274 854 3338 reverberatio
872 3291 975 3356 prope
991 3273 1184 3355 specuium,
1198 3281 1240 3339 ut
1255 3275 1345 3343 linea

264 3388 336 3462 tto,
358 3385 519 3469 quoniam
540 3404 617 3466 pars
631 3384 888 3465 magnitudinis,
911 3401 1012 3464 quam
1033 3385 1289 3465 eomprehendit
1307 3386 1346 3451 li·

265 3514 328 3560 nea
340 3495 403 3571 tt,
419 3513 503 3576 quae
518 3503 568 3559 est
582 3495 808 3576 aequidistans
825 3494 932 3558 lineae
946 3495 1044 3572 miz,
1057 3495 1086 3557 si
1103 3502 1192 3560 assat
1206 3494 1290 3573 sola,
1302 3496 1346 3561 ri·

263 3606 398 3670 deretur
418 3606 533 3686 utiquo
556 3606 590 3667 in
610 3612 733 3687 punoto
749 3606 785 3681 i·,·
805 3605 864 3668 illa
876 3624 954 3668 vero
970 3621 1056 3686 quae
1071 3604 1204 3671 videtur
1218 3624 1278 3690 per
1292 3626 1343 3673 ra·

264 3717 337 3779 dios
357 3716 398 3779 st
412 3720 444 3779 et
456 3716 513 3790 ott,
531 3716 692 3795 quoniam
706 3716 898 3780 coniunctio
914 3716 1063 3795 ipsorum
1079 3716 1251 3781 radiorum
1265 3736 1342 3783 oum
1390 3782 1395 3793 ,

263 3825 356 3889 linas
377 3827 416 3890 te
436 3825 475 3888 fit
496 3832 582 3889 reiro
604 3826 731 3899 risum,
752 3825 918 3889 videbitur
938 3843 1041 3905 panes
1063 3825 1257 3907 speculum,
1272 3834 1346 3909 ntq

265 3944 298 3999 et
319 3955 343 3997 c.
365 3934 450 3998 Illud
472 3954 550 4001 vero
572 3936 661 4017 quod
677 3936 806 3999 videtur
821 3936 862 3999 de
877 3936 1106 4017 magnitudine
1124 3938 1234 4018 posita
1248 3957 1346 4021 snper

267 4045 392 4111 lineam
413 4046 495 4128 tqe,
517 4065 583 4111 non
607 4047 654 4111 ita
676 4046 863 4129 disponitur
885 4047 919 4112 in
943 4064 983 4110 so
997 4047 1088 4131 quod
1102 4055 1256 4133 apparet,
1269 4051 1344 4137 quia
