3278 5364
1291 509 1331 573 67

257 618 403 699 angulos.
427 618 506 682 Illae
528 635 605 682 vero
629 617 820 682 nullatenus
844 619 1028 698 prohibent,
1052 621 1332 699 quemadmodum

258 728 437 791 manubria
458 746 595 791 arcuum
618 746 686 790 non
708 727 885 806 prohibent
906 727 1051 806 sagittas.
1075 727 1333 807 Intelligendum

259 845 310 900 est
340 839 441 901 etiam
470 838 562 900 iuxta
590 836 680 899 hunc
710 837 848 899 modum
871 837 911 900 de
933 837 1097 900 universis
1123 839 1222 901 rebus
1248 855 1333 916 quac

258 952 453 1021 moventur,
476 954 508 1008 et
529 947 797 1025 cognoscendum
819 953 868 1008 est
889 947 976 1025 quod
1005 945 1051 1009 ita
1078 946 1173 1009 flunt.
1202 940 1334 1027 Oportet

258 1062 371 1117 autem
400 1063 438 1118 ut
464 1073 548 1135 opus
574 1055 678 1134 ipsius
706 1055 851 1117 visibilis
881 1055 967 1116 radii
990 1045 1153 1133 'sequatur
1173 1055 1261 1117 hano
1287 1072 1334 1116 ra·

259 1164 402 1238 tionem,
424 1172 456 1227 et
476 1165 712 1244 unusquisque
730 1165 917 1238 radiorum,
934 1164 993 1244 qui
1010 1166 1250 1245 appropinquat
1264 1183 1334 1245 spo·

259 1271 336 1335 culo
359 1281 391 1337 et
413 1273 471 1353 qui
494 1273 668 1352 elongatur
686 1274 727 1336 ab
743 1292 794 1346 eo,
810 1273 926 1336 debeat
948 1290 1143 1336 conservare
1159 1274 1261 1335 situm
1277 1275 1334 1351 qui

262 1381 299 1443 iit
320 1383 355 1443 in
379 1381 520 1445 statione
542 1382 700 1462 perlecta,
723 1382 876 1445 videlicet
896 1391 933 1445 ut
954 1380 1095 1462 angulus
1119 1381 1177 1462 qui
1192 1383 1229 1443 111
1244 1401 1281 1446 ex
1294 1379 1360 1444 li-'‘

260 1506 326 1553 nea
347 1491 544 1587 procedente
566 1492 608 1554 ad
629 1491 811 1554 sectionem
832 1491 1033 1554 contrariam
1054 1492 1233 1572 perfectam
1256 1508 1334 1554 eum

261 1599 353 1664 linea
373 1618 459 1681 quae
479 1601 571 1664 venit
592 1601 635 1664 ad
656 1601 901 1682 particularem,
916 1602 958 1664 sit
972 1600 1062 1664 idem
1076 1600 1125 1664 illi
1142 1602 1200 1680 qui
1213 1602 1337 1665 recedit
1364 1653 1368 1661 .
1433 1648 1436 1652 .

263 1709 305 1773 ab
326 1718 367 1773 eo
389 1710 462 1773 sine
485 1711 629 1774 sectione
652 1713 818 1775 contraria
838 1711 999 1791 perfecta,
1015 1720 1092 1772 e'um
1107 1728 1147 1773 ea
1160 1727 1246 1790 quae
1264 1701 1336 1792 pru·

261 1819 350 1883 cedit
371 1828 391 1882 a
411 1820 611 1900 particulari.
635 1821 669 1882 Si
691 1822 732 1885 de
754 1820 845 1883 linea
859 1839 935 1900 ergo
952 1838 1037 1900 quae
1053 1820 1141 1882 cadit
1157 1838 1259 1900 prope
1274 1828 1336 1882 sta·

257 1928 383 1991 tionem
405 1930 599 2009 perfectam,
621 1937 655 1992 et
672 1930 730 1992 illa
746 1947 831 2008 quae
846 1928 944 2015 longe
963 1930 1051 1992 cadit
1065 1928 1106 1992 ab
1122 1946 1172 2004 ea,
1187 1929 1336 1990 11111111-

259 2054 328 2116 que
350 2037 451 2101 luerit
473 2048 559 2101 unus
582 2044 614 2102 11
635 2039 725 2102 idem
747 2039 852 2112 situs,
881 2039 939 2118 qui
962 2037 1113 2102 videlicet
1134 2044 1185 2100 est
1207 2044 1336 2100 erectus

262 2165 363 2227 super
384 2147 557 2226 speculum
580 2148 622 2211 ad
643 2155 750 2211 rectos
770 2145 925 2227 angulos,
940 2165 1076 2210 necesse
1092 2154 1141 2210 est
1153 2153 1191 2209 ut
1203 2143 1242 2208 eri
1256 2145 1336 2220 illis,

264 2273 409 2335 quorum
430 2256 623 2324 constitutio
644 2256 729 2320 situs
747 2256 801 2318 his
820 2256 969 2319 subiacet
986 2273 1064 2319 eum
1081 2254 1170 2319 linea
1186 2272 1271 2336 quae
1285 2273 1338 2335 ap·

264 2363 462 2445 propinquat
489 2365 626 2429 stationi
648 2363 839 2446 particulari
861 2372 894 2428 et
916 2383 1001 2445 quae
1024 2365 1064 2428 ab
1087 2381 1127 2428 11
1147 2362 1337 2443 elongatur,

265 2473 348 2537 flant
369 2473 527 2554 aequales
550 2473 675 2555 anguli.
982 2476 987 2488 “

308 2543 562 2663 Prdponendum
584 2589 633 2647 est
655 2592 766 2646 autem
782 2591 814 2647 et
829 2583 921 2664 prius
936 2581 1128 2659 dicendum,
1141 2582 1230 2662 quod
1245 2583 1339 2656 situs,

267 2692 325 2772 qui
354 2710 454 2773 super
481 2692 555 2756 loca
582 2693 765 2756 formarum
795 2693 940 2770 fuerint,
973 2692 1122 2773 indigent
1150 2688 1340 2773 particulari

265 2802 479 2880 conditione,
506 2801 659 2866 videlicet
686 2810 724 2865 ut
752 2802 837 2866 situs
865 2802 1038 2866 conveniat
1066 2820 1142 2865 cum
1173 2798 1339 2866 distantia.

266 2911 353 2975 Haec
366 2917 478 2975 autem
493 2912 526 2974 in
543 2912 748 2993 apparitione
765 2930 851 2993 quae
867 2911 905 2974 tit
918 2912 1103 2975 secundum
1123 2912 1341 2975 directionem

268 3029 301 3084 et
314 3021 568 3102 oppositionem,
583 3020 753 3085 multoties
769 3040 837 3084 non
853 3021 1089 3084 discernuntur
1103 3039 1205 3100 penes
1220 3020 1340 3093 radios,

268 3138 301 3195 et
321 3130 386 3194 hoo
407 3107 593 3194 seeundum
610 3131 872 3194 moderationem
891 3149 1008 3194 eorum
1023 3130 1058 3191 in
1074 3129 1240 3204 distantia,
1256 3130 1342 3192 sicut

267 3260 305 3304 ex
318 3241 560 3306 consuetudine
574 3241 694 3305 accidit
708 3241 743 3303 in
761 3241 871 3316 rebus,
889 3257 974 3319 quae
989 3240 1188 3320 quandoque
1204 3246 1283 3302 sunt
1298 3241 1339 3301 ad

267 3350 413 3415 invicem
424 3350 626 3431 disgregatae
637 3358 671 3414 11
678 3357 823 3426 remotae
833 3349 874 3412 ab
887 3348 1132 3431 aspicientibus,
1142 3356 1175 3411 et
1185 3355 1343 3429 apparent

268 3460 472 3543 propinquae
495 3468 528 3524 et
549 3456 763 3541 congregatae
785 3467 918 3542 propter
933 3457 1138 3538 debilitatem
1155 3475 1343 3521 sensusex·

268 3571 390 3652 quisito
401 3570 611 3634 discernendi
622 3576 765 3633 remotas
774 3587 836 3632 res.
846 3567 985 3630 Attrahit
996 3574 1106 3630 autem
1119 3586 1175 3630 eas
1188 3566 1340 3630 debilitas

269 3688 370 3744 nutus
392 3681 434 3743 ad
451 3687 644 3743 consuetam
660 3680 747 3741 visui
764 3679 1016 3760 apparitionem,
1032 3694 1117 3757 quae
1133 3677 1170 3739 iit
1186 3677 1225 3739 de
1242 3675 1341 3738 rebus

270 3790 464 3875 propinquis
477 3789 693 3854 existentibus
706 3807 817 3852 coram
828 3789 912 3868 ipso,
923 3787 1084 3868 quoniam
1099 3787 1133 3848 in
1148 3784 1343 3848 huiusmodi

270 3902 369 3964 rebus
392 3899 552 3964 maiorem
571 3899 669 3963 habet
687 3898 878 3974 efficaciam,
894 3906 926 3962 ot
941 3898 1060 3978 partim
1075 3896 1181 3958 utitur
1194 3893 1255 3956 illa
1268 3910 1342 3956 con·

271 4011 446 4074 suetudine
468 4011 503 4072 in
521 4010 675 4073 remotis.
699 4009 758 4072 Hic
782 4008 913 4098 quidem
940 4008 1098 4079 deiectus,
1115 4004 1172 4084 qui
1184 4003 1271 4066 visui
1296 4021 1344 4067 ac·
