3278 5364
259 526 300 588 10
1392 565 1394 568 ι

258 634 391 698 subtilis
409 637 480 708 est,
509 649 572 695 nec
593 631 693 696 habet
721 631 958 711 quantitatem,
979 646 1048 710 qus
1067 629 1241 695 sensibilis
1261 631 1338 708 flat,

259 746 318 808 sed
346 760 424 808 cum
456 741 714 806 condensabitur
744 758 824 815 aer,
857 730 917 822 gui
936 741 1125 805 'confinuus
1152 747 1206 805 est
1233 739 1287 803 illi
1308 748 1341 804 et

261 854 358 918 nohis
380 852 601 934 propinquus,
628 858 709 915 tunc
729 850 947 930 intelligimus
968 849 1117 915 colorem
1137 856 1172 915 et
1197 851 1341 930 figuram

260 965 350 1040 eius,
373 962 533 1044 quoniam
555 960 648 1024 color
668 960 704 1022 in
726 960 831 1024 multa
851 959 1075 1041 profunditate
1096 960 1204 1024 lactus
1226 960 1271 1023 ad
1290 959 1342 1023 ln·

260 1074 364 1137 vicem
386 1072 577 1146 continuus,
599 1072 638 1133 nt
658 1071 766 1151 magis
788 1077 980 1151 corporatus
996 1078 1029 1134 et
1044 1070 1240 1146 evidentior,
1253 1075 1293 1133 nt
1307 1069 1341 1133 id

198 1236 200 1241 .
262 1183 352 1263 quod
372 1183 408 1245 in
431 1200 520 1263 aqua
540 1181 694 1244 similiter
714 1181 843 1244 accidit.
864 1181 946 1244 Item
960 1180 1003 1243 si
1024 1180 1268 1261 sumpserimus
1287 1196 1342 1242 co·

198 1379 200 1384 Ι
263 1293 367 1358 loram
384 1293 419 1355 in
436 1290 549 1371 aliquo
563 1291 723 1365 humore,
738 1296 772 1354 et
786 1291 1057 1354 coniunxerimus
1079 1307 1158 1354 cum
1179 1277 1221 1355 eo
1238 1288 1343 1355 alium

264 1402 410 1466 similem
432 1401 578 1465 colorem
601 1402 643 1465 sd
664 1401 883 1481 designandas
903 1401 939 1464 in
962 1400 1035 1482 ipso
1055 1400 1197 1466 humore
1213 1418 1276 1482 per
1295 1401 1344 1464 si·

263 1507 380 1577 milam
412 1511 560 1577 colorem
592 1513 755 1592 imagines
788 1518 822 1576 et
853 1512 977 1593 figurae
1009 1513 1187 1588 diversas,
1214 1511 1345 1577 colores

265 1625 380 1704 utique
402 1641 515 1687 rerum
537 1623 784 1703 designantium
804 1622 1006 1686 ridebuntur
1024 1622 1166 1686 insimul
1185 1640 1266 1686 cum
1279 1622 1344 1686 hu·

265 1753 357 1798 more
373 1753 428 1799 eos
443 1733 682 1808 circumdante,
698 1733 758 1813 qui
776 1734 918 1796 eundem
933 1732 1033 1796 habet
1047 1731 1204 1808 colorem,
1219 1733 1347 1814 figurae

265 1851 377 1909 autem
393 1862 466 1908 non
488 1844 700 1917 videbuntur,
713 1861 776 1906 nec
790 1843 975 1918 distantiae,
991 1861 1054 1907 nec
1071 1843 1279 1907 diversitates
1292 1860 1346 1907 ea·

267 1972 342 2019 rum
364 1954 408 2017 ad
422 1953 568 2016 invicem
582 1953 767 2016 secundum
782 1953 888 2033 magis
905 1960 937 2016 et
950 1953 1073 2016 minus.
1088 1953 1218 2016 Rursus
1234 1952 1348 2016 omnis

268 2081 354 2145 quse
376 2069 456 2125 sunt
478 2062 640 2136 colorum,
656 2067 816 2143 apparent
830 2061 981 2143 quolibet
995 2061 1062 2126 alio
1077 2063 1177 2125 modo
1194 2080 1254 2143 per
1268 2079 1348 2124 con·

268 2175 381 2236 tinuos
393 2173 555 2235 terminos
569 2169 683 2235 rerum
695 2171 920 2248 dissimilium,
933 2173 1216 2250 quemadmodum
1229 2171 1347 2252 positio

269 2283 522 2346 distinctionum
544 2288 679 2362 apparet
700 2299 759 2362 per
779 2281 885 2344 lineas
901 2282 1085 2345 dividentes
1106 2280 1188 2372 illas
1204 2287 1347 2355 mutum,

270 2394 338 2457 siva
360 2394 418 2456 ilat
438 2410 498 2473 per
513 2392 720 2455 diversitates
736 2392 888 2454 omnium
903 2371 1064 2468 colorum,
1087 2409 1148 2455 seu
1163 2408 1225 2472 per
1235 2406 1348 2456 veram

269 2502 540 2577 similitudinem,
562 2519 649 2582 qnae
670 2507 806 2582 apparet
826 2520 886 2581 per
907 2501 1270 2582 designationes'ltem
1292 2502 1350 2564 cir·

270 2611 484 2693 cumscriptio
515 2613 697 2692 figurarum
724 2612 803 2673 facit
830 2611 1051 2676 mutationem
1072 2614 1108 2674 in
1129 2611 1349 2677 similitudine

271 2722 478 2803 imaginum,
505 2723 565 2785 sed
591 2740 660 2785 non
682 2722 840 2785 dicuntur
861 2722 923 2785 hac
944 2723 984 2784 de
1006 2738 1109 2785 causa
1128 2722 1350 2795 vere-videri,

272 2833 380 2914 primo
402 2831 540 2911 quidem
561 2832 757 2911 quiscum,
779 2831 867 2895 sicut
887 2831 1051 2906 diximus,
1072 2830 1166 2895 color
1185 2831 1351 2896 linearum

273 2943 452 3017 continuus
479 2948 511 3005 et
536 2940 628 3006 color
655 2941 876 3004 terminabilis
910 2948 944 3005 et
970 2943 1100 3006 colores
1122 2936 1351 3007 universarum

271 3033 519 3132 designatarum
550 3069 665 3114 rerum
697 3069 767 3114 non
801 3051 956 3113 differant
987 3053 1088 3115 modo
1114 3051 1266 3130 quolibet
1296 3069 1353 3132 per

275 3162 492 3225 mutationem
514 3161 693 3225 accidentis
720 3160 793 3224 eius
816 3160 955 3237 coloris,
973 3161 1093 3224 accidit
1105 3162 1185 3225 inde
1199 3161 1278 3227 illas
1292 3162 1352 3241 pri·

273 3272 345 3335 vari
365 3289 424 3352 per
446 3270 636 3346 consimile,
658 3288 722 3334 nec
743 3288 813 3334 non
835 3277 867 3332 et
888 3278 1021 3351 propter
1042 3277 1213 3352 aspectum
1227 3270 1352 3352 ttgnrae

277 3399 376 3456 suae,
399 3399 475 3445 cum
497 3381 534 3444 in
556 3399 596 3445 ea
616 3380 713 3443 nulla
733 3382 908 3444 continens
927 3381 1018 3445 -linea
1040 3386 1185 3462 apparet.
1214 3383 1253 3443 itt
1275 3399 1355 3463 quo-

277 3491 369 3554 nlam
391 3492 576 3555 secundum
592 3490 816 3555 universalem
833 3490 1107 3566 similitudinem,
1131 3491 1275 3570 quaein
1295 3490 1356 3554 dif-

278 3601 427 3664 lerentiis
440 3601 598 3689 ⁸ipsarum
619 3601 802 3681 figurarum
825 3607 897 3674 est,
918 3602 1089 3681 indigetur
1109 3599 1223 3682 aliquo
1246 3599 1356 3665 colore

278 3717 453 3775 ostensum
481 3711 745 3791 designationem¹
766 3728 829 3775 neo
851 3729 920 3774 non
943 3718 975 3775 et
997 3711 1076 3792 quia
1098 3710 1289 3790 aliquid'er
1309 3711 1357 3775 eis

278 3820 454 3886 manifeste
479 3802 549 3882 non
579 3821 747 3900 apparebit
765 3820 842 3883 siue
864 3818 991 3897 colore3
1014 3820 1201 3884 secundum
1223 3820 1358 3885 diversi·

267 3936 360 3994 *tates
383 3938 503 4006 autem,
527 3932 613 4012 qnae
636 3937 716 3992 sunt
733 3929 772 3992 in
793 3929 874 3993 solis
888 3929 1070 4004 coloribus,
1083 3929 1191 4010 figura
1204 3929 1358 3994 celorum

281 4036 519 4115 dissimilium,
533 4039 693 4121 quoniam
709 4040 830 4105 innexa
842 4047 895 4103 est
909 4041 976 4115 eis,
998 4040 1097 4105 dehet
1110 4057 1269 4123 apparere
1283 4054 1359 4104 cum

284 4151 489 4232 apparitione
511 4167 639 4216 eorum.
