3278 5364
265 515 305 577 22

262 621 362 686 lindri
384 623 420 683 in
442 629 585 703 quatuor
605 621 695 685 loeis.
719 622 753 684 Si
770 623 870 702 igitur
885 622 1041 687 distantia
1055 623 1142 687 inter
1157 624 1179 697 l,
1193 640 1226 685 m
1243 622 1343 693 fuerit
1438 680 1441 686 ,

262 733 368 795 maior
390 750 492 812 quam
515 750 599 812 quae
621 732 708 795 inter
722 751 751 807 o,
767 733 794 805 b,
811 739 842 796 et
855 731 996 813 cylindri
1011 732 1134 796 fuerint
1149 751 1170 797 a
1183 731 1343 796 lateribus

261 843 394 919 axium,
416 842 511 923 niger
537 843 674 923 quidem
696 843 861 906 ridebitur
882 843 917 905 in
940 843 1070 906 duobus
1093 841 1176 905 lotis
1198 843 1341 918 dextris,

261 953 420 1034 quoniam
440 971 500 1017 om
522 960 555 1016 et
576 954 637 1016 im
658 954 790 1034 utrique
806 959 883 1017 sunt
898 954 1018 1031 dextri;
1040 953 1136 1016 albus
1157 971 1236 1017 vero
1258 952 1343 1017 vide

262 1064 353 1127 bitur
378 1064 413 1126 in
442 1064 574 1127 duobus
600 1062 683 1127 loeis
712 1063 875 1138 sinistris,
898 1063 1059 1144 quoniam
1080 1065 1125 1127 ot
1147 1069 1181 1127 et
1202 1065 1241 1127 bi
1265 1070 1344 1126 sunt

262 1174 400 1238 sinistri.
424 1172 505 1237 Cum
527 1191 604 1254 ergo
633 1174 810 1237 texerimus
833 1172 969 1238 oculum
992 1172 1183 1249 sinistrum,
1205 1173 1342 1238 obseou-

263 1284 358 1348 detur
373 1284 413 1347 de
429 1284 558 1348 duobus
576 1284 681 1365 nigris
699 1284 868 1360 remotior,
886 1283 943 1348 ille
959 1282 1123 1360 videlieet,
1138 1274 1343 1364 qui'videtur

180 1401 185 1407 '
261 1394 473 1475 petredium
501 1414 586 1471 am,
615 1395 774 1477 quoniam
800 1395 913 1458 radius
935 1394 999 1460 iste
1026 1394 1133 1474 magis
1156 1401 1208 1458 est
1230 1394 1342 1459 dexter

262 1522 364 1584 quam
377 1508 393 1570 b
404 1526 453 1578 rm
470 1511 503 1570 et
516 1507 736 1571 abscondetur
752 1507 793 1570 de
810 1506 939 1571 duobus
954 1505 1038 1569 albis
1054 1488 1138 1569 alter
1156 1505 1198 1571 de
1212 1505 1342 1578 mediis,

262 1616 321 1695 qui
342 1617 472 1681 videtur
491 1634 553 1696 per
573 1617 909 1692 radiumo1;radius
931 1617 1022 1679 enim
1045 1616 1106 1680 iste
1124 1616 1239 1679 minus
1258 1616 1339 1679 sini·

262 1733 331 1789 ster
352 1733 404 1790 est
426 1744 526 1807 quarn
544 1728 592 1790 11.
609 1728 690 1789 Cum
704 1735 816 1791 autem
832 1726 1008 1813 texerimus
1024 1726 1175 1792 dextrum
1193 1725 1341 1807 neutuna,

263 1838 485 1901 abscondetur
514 1837 554 1903 de
582 1838 712 1903 duobus
739 1836 824 1902 albis
852 1837 1028 1914 remotior,
1051 1837 1110 1917 qui
1131 1836 1265 1901 videtur
1283 1856 1342 1920 per

262 1949 392 2011 radium
415 1949 472 2024 tt,
494 1955 527 2013 et
549 1948 588 2012 de
611 1948 741 2013 duobus
764 1948 881 2030 nigris,
905 1948 987 2013 alter
1003 1948 1045 2013 de
1060 1947 1199 2023 mediis,
1221 1947 1282 2030 qui
1295 1948 1340 2011 vi-

260 2059 356 2123 detur
377 2078 436 2140 per
457 2059 588 2123 radium
609 2060 679 2124 bm.

300 2172 337 2232 111
358 2170 388 2233 si
409 2169 510 2234 fuerit
527 2169 684 2233 distantia
698 2170 784 2233 inter
799 2172 821 2245 i,
834 2189 867 2232 m
883 2168 945 2251 (pp.
961 2170 993 2246 5)
1010 2168 1122 2232 minor
1137 2187 1240 2251 quam
1256 2186 1340 2250 quae

262 2278 349 2343 inter
369 2298 399 2353 a,
415 2280 447 2352 b,
470 2285 502 2343 et
523 2279 648 2343 fuerint
670 2297 745 2344 axes
767 2299 787 2343 a
808 2279 969 2343 lateribus
992 2282 1011 2355 t,
1033 2298 1081 2354 m,
1103 2279 1201 2359 niger
1222 2280 1338 2361 utique

258 2388 425 2453 videbitur
438 2407 458 2453 a
473 2390 585 2454 dextro
601 2389 703 2453 latere
719 2408 779 2472 per
795 2391 927 2454 radium
942 2408 1020 2466 om,
1043 2390 1204 2470 quoniam
1227 2391 1340 2455 radius

259 2499 321 2563 iste
344 2499 449 2581 magis
472 2507 521 2563 est
544 2500 656 2565 dexter
678 2518 780 2582 quam
802 2503 861 2576 oi,
883 2507 917 2565 et
935 2499 1085 2581 sequitur
1102 2501 1232 2564 eumin
1246 2518 1339 2583 aspe-

261 2615 318 2674 otu
344 2610 463 2684 albus,
491 2611 550 2692 qui
576 2611 704 2674 videtur
725 2629 784 2692 per
806 2610 937 2673 radium
958 2613 1011 2674 oi.
1047 2611 1198 2693 Cumque
1224 2611 1340 2675 texeri-

262 2738 337 2785 mus
361 2719 497 2784 oculum
520 2721 717 2797 sinistrum,
740 2721 984 2785 abscondentur
1005 2720 1069 2785 hae
1092 2722 1178 2787 duae
1199 2722 1341 2797 formae,

261 2838 293 2896 et
310 2814 532 2911 subsequetur
547 2830 633 2894 alter
648 2831 838 2896 mediorum
853 2831 1040 2908 radiorum,
1056 2831 1114 2913 qui
1129 2838 1180 2895 est
1194 2850 1234 2897 ex
1248 2840 1340 2914 parts

259 2941 416 3017 sinistra,
433 2947 467 3005 et
487 2959 603 3005 rursus
625 2941 792 3006 videbitur
806 2960 864 3024 per
879 2960 958 3005 eum
973 2943 1082 3023 niger,
1101 2949 1134 3006 et
1147 2941 1212 3007 iste
1227 2944 1340 3009 radios

261 3059 311 3117 est
331 3054 412 3128 tm,
436 3053 596 3133 quoniam
617 3052 732 3117 minus
755 3052 891 3117 sinister
909 3060 959 3117 est
973 3071 1074 3134 quarn
1096 3053 1155 3129 bl;
1176 3053 1341 3119 videbitur

261 3167 372 3225 autem
393 3162 429 3224 in
452 3162 622 3226 remotiori
644 3169 736 3243 parte
758 3162 929 3243 cylindrus
952 3162 1048 3227 albus
1061 3180 1121 3242 per
1135 3162 1270 3227 radium
1291 3163 1339 3228 tt

259 3271 421 3335 Similiter
442 3272 542 3337 etiam
563 3291 643 3336 oum
658 3273 838 3337 texerimus
856 3273 1009 3337 dextrum
1021 3270 1181 3350 oculum,
1203 3273 1339 3339 obseou-

259 3383 382 3447 dentur
407 3383 470 3448 hae
493 3384 631 3447 formae.

301 3493 387 3557 Haeo
410 3493 521 3573 itaque
545 3494 727 3559 accidentia
749 3512 834 3575 quae
857 3494 1133 3576 praeposuimus,
1161 3513 1232 3559 non
1253 3495 1338 3559 fiunt

259 3610 293 3668 et
308 3611 469 3687 apparent
483 3605 549 3669 nisi
565 3623 667 3669 causa
681 3606 871 3682 distantiae,
888 3624 974 3689 quoe
989 3605 1099 3670 existit
1112 3606 1149 3670 in
1162 3605 1338 3673 latitudine

260 3723 401 3791 tantum,
424 3716 585 3796 quoniam
602 3717 789 3781 seeundum
804 3716 1017 3781 altitudinem
1032 3724 1066 3781 et
1079 3717 1338 3798 profunditatem

257 3826 391 3908 utrique
413 3827 502 3890 oculi
525 3826 681 3906 aequales
696 3828 824 3891 suntin
839 3827 1013 3908 positione.
1037 3827 1160 3892 Positio
1174 3835 1288 3893 autem
1301 3828 1337 3891 in

180 3922 184 3929 ’
258 3935 417 4001 lateribus
440 3957 508 4002 non
530 3938 577 4002 ita
597 3957 634 4003 se
656 3939 765 4003 hahet.
789 3939 825 4001 In
848 3939 913 4002 hao
935 3940 1026 4002 enim
1048 3937 1159 4021 specie
1177 3939 1264 4003 situs
1278 3939 1337 4005 fle-

258 4053 392 4111 ctuntur
414 4048 549 4129 quidem
573 4049 705 4129 utrique
721 4067 795 4115 axes
812 4049 1034 4131 pyramidum,
1049 4066 1227 4130 quousque
1243 4067 1336 4117 eoae·
