3278 5364
260 543 300 606 32

257 670 343 736 quae
365 651 515 733 pervenit
542 651 584 716 ad
613 654 782 724 centrum,
816 664 925 729 neque
947 649 1036 712 inter
1055 647 1168 713 radios
1189 650 1334 713 cirrum·

257 765 374 827 dantes
401 769 433 826 et
454 761 564 825 radios
593 761 748 833 cadentes
770 777 868 840 super
889 758 1025 839 planam
1047 758 1278 841 superficiem,
1300 761 1336 823 in

260 893 325 956 qua
347 882 397 939 est
416 874 522 949 linea,
545 881 578 938 et
599 891 685 954 quas
701 872 848 936 eontinet
861 888 934 935 rem
951 871 1146 948 videndam,
1164 878 1247 937 tuno
1262 890 1338 954 ergo

192 1037 205 1062 ,
248 999 326 1050 'non
348 986 487 1049 sentitur
507 984 672 1056 curvitas,
700 983 767 1047 nisi
789 989 826 1046 ut
846 981 946 1063 plana
967 981 1169 1064 superficies.
1206 984 1244 1046 st
1264 983 1340 1048 ideo

262 1115 329 1160 non
351 1097 502 1160 videmus
523 1095 729 1158 latitudinem
753 1111 865 1156 rerum
888 1093 979 1157 diseo
994 1091 1174 1168 similium,
1197 1108 1275 1157 oum
1296 1095 1342 1157 ita

261 1207 384 1271 fuerint
404 1206 546 1288 positae,
569 1213 605 1269 ut
627 1204 819 1285 superficies
841 1221 957 1269 earum
978 1203 1157 1284 produotae
1171 1208 1343 1269 transeant

262 1335 322 1397 per
352 1324 450 1398 caput
476 1316 615 1379 visibilis
642 1315 842 1397 pyramidis,
869 1314 930 1378 sed
954 1319 1114 1395 apparent
1134 1314 1231 1378 nobis
1253 1316 1343 1396 quod

262 1427 330 1490 sint
350 1427 458 1492 lineae
479 1434 595 1491 rectae.
619 1424 777 1489 Similiter
791 1425 892 1488 etiam
908 1441 1024 1487 omnes
1038 1423 1233 1505 superficies
1247 1442 1343 1507 appa·

263 1538 382 1601 renunt
402 1536 521 1612 lineae,
536 1543 568 1601 et
583 1536 673 1600 linea
685 1541 773 1600 reeta
786 1540 944 1615 punctus,
959 1551 1038 1597 eum
1053 1534 1236 1615 produotae
1251 1540 1342 1598 tran-

264 1648 381 1711 sierint
401 1667 460 1729 per
481 1654 579 1728 eaput
600 1646 792 1729 pyramidis.
814 1646 941 1708 Rursus
963 1661 1042 1708 oum
1063 1643 1172 1725 figura
1190 1645 1286 1709 diseo
1303 1646 1344 1709 si·

263 1758 353 1821 milis
374 1758 475 1822 fuerit
500 1776 602 1839 prope
632 1758 847 1837 aspicientem
869 1755 1036 1838 exposita,
1064 1760 1102 1818 ut
1122 1754 1252 1820 dietum
1273 1762 1342 1833 est,

263 1869 426 1933 videbitur
447 1886 562 1946 ourva;
590 1874 622 1932 et
649 1885 725 1931 oum
752 1866 846 1930 valde
868 1872 996 1931 remota
1021 1864 1143 1944 fuerit,
1172 1867 1343 1950 apparebit

264 1979 475 2056 metalium,
499 1997 538 2044 ea
559 1979 601 2042 de
623 1996 725 2042 eausa
746 1995 846 2059 quam
869 1964 1095 2059 exposuimus.

305 2092 369 2154 Sed
396 2109 475 2156 oum
501 2089 693 2172 superficies
715 2106 783 2152 non
805 2088 929 2152 luerint
949 2088 1119 2169 oppositae
1142 2072 1253 2166 visui,
1282 2106 1343 2153 nee

264 2202 443 2283 productae
473 2201 665 2263 transierint
693 2217 754 2280 per
782 2203 881 2281 eaput
907 2197 1113 2280 pyramidis,
1142 2198 1343 2263 videbuntur

266 2313 400 2391 quidem
423 2310 616 2391 superficies
639 2327 725 2387 esse3
747 2309 874 2389 figurae
897 2313 1008 2372 autem
1030 2326 1145 2373 earum
1167 2327 1238 2373 non
1259 2310 1344 2375 vida·

264 2423 389 2485 buntur
410 2420 538 2484 similes
560 2420 637 2496 his,
661 2437 746 2502 quae
768 2419 854 2482 visui
876 2425 972 2482 erant
993 2418 1172 2500 oppositae.
1204 2418 1341 2502 Figurae

264 2533 364 2613 igitur
385 2533 564 2613 quadratae
588 2538 620 2595 et
641 2530 756 2593 oireuli
772 2530 977 2611 apparebunt
992 2529 1032 2592 de
1048 2529 1180 2594 diversa
1196 2528 1342 2612 longitu-

265 2644 362 2717 dine,
392 2643 550 2722 quoniam
582 2640 725 2704 laterum
751 2646 784 2704 et
809 2640 1047 2704 diametrorum
1069 2620 1265 2720 aequalium
1286 2640 1343 2704 illa

266 2771 351 2834 quae
379 2759 487 2816 erecta
512 2757 592 2815 sunt
612 2767 712 2832 super
733 2750 881 2814 medium
905 2750 1037 2814 radium
1059 2748 1149 2813 oeuli
1172 2750 1215 2815 ad
1236 2758 1342 2815 rectos

265 2863 412 2944 angulos,
426 2863 630 2925 subtendunt
644 2861 806 2926 maiorem
822 2859 983 2942 angulum
999 2879 1101 2942 quam
1116 2859 1229 2939 illum,
1245 2878 1342 2942 quem

265 2963 471 3037 subtendunt
492 2972 663 3054 proclivia,
686 2979 720 3036 et
739 2972 828 3052 quod
848 2989 950 3052 prope
966 2977 1030 3048 est,
1052 2972 1224 3037 subtendit
1240 2972 1343 3037 maio·

266 3103 337 3148 rem
366 3080 549 3164 anguluin,
577 3100 679 3164 quam
705 3082 740 3145 id
769 3083 860 3164 quod
887 3088 937 3146 est
957 3100 977 3146 a
998 3081 1117 3164 longe,
1140 3088 1175 3147 et
1197 3100 1341 3165 quorum

264 3195 550 3274 augmentationes
573 3195 715 3257 existunt
732 3191 915 3267 sensibiles,
932 3198 966 3256 et
983 3193 1107 3256 luerint
1121 3192 1158 3254 in
1176 3192 1340 3258 distantiis

265 3305 457 3381 moderatis,
473 3311 633 3386 apparent
646 3303 782 3368 maiora.
805 3304 979 3367 Diversitas
993 3304 1130 3384 quidem
1142 3302 1344 3369 huiusmodi.

264 3417 538 3507 imaginationum
556 3417 594 3478 flt
611 3432 713 3480 eausa
727 3415 812 3478 situs
826 3416 1008 3495 figurarum
1023 3420 1056 3478 et
1070 3414 1248 3480 distantiae
1262 3414 1342 3497 aspi·

265 3527 444 3602 cientium,
473 3527 532 3590 sed
553 3524 761 3607 impossibile
784 3533 834 3590 est
855 3526 1039 3589 seeundum
1059 3506 1167 3588 unum
1189 3526 1340 3591 habitum

266 3637 356 3712 fleri,
378 3637 435 3716 qui
457 3643 584 3700 constet
606 3654 645 3701 ex
665 3635 903 3716 imaginatione
926 3634 1087 3699 omnium.
1339 3646 1343 3651 ·

307 3750 350 3810 Ao
372 3747 400 3810 si
424 3748 500 3828 quis
522 3747 630 3810 multa
650 3748 728 3810 inde
758 3747 799 3810 ad
827 3745 970 3810 invicem
998 3751 1123 3827 quanto
1151 3746 1259 3828 magis
1287 3766 1340 3811 ex-

266 3858 388 3937 quisite
416 3875 616 3938 componere
642 3863 836 3934 conaretur,
866 3857 1025 3920 naturalis
1047 3856 1183 3939 quidem
1205 3874 1340 3941 tompo-

266 3968 343 4031 sitio
365 3969 455 4033 visus
477 3987 532 4032 res
564 3974 614 4032 est
634 3967 797 4032 mirabilis
825 3968 861 4030 in
890 3985 970 4031 casu
996 3984 1080 4042 suo,
1108 3967 1168 4048 qui
1194 3968 1340 4033 ordinate

267 4077 305 4140 fit
327 4095 404 4142 eum
426 4080 615 4145 extensione
639 4096 716 4158 sua,
740 4086 774 4145 et
795 4077 1013 4145 sensibilitate
1036 4096 1137 4159 quam
1155 4077 1343 4144 exhibetvi·
