3248 5392
252 554 312 621 tot

292 668 414 731 lterum
444 684 585 731 concava
614 686 688 750 pars
710 677 850 750 ponatur
871 687 984 733 versus
1007 670 1113 732 visum
1136 671 1322 734 secundum

250 779 432 861 quamlibet
460 780 602 843 duarum
631 780 817 861 specierum
848 781 1019 860 positionis
1049 781 1159 855 visus,
1189 790 1221 846 et
1242 800 1323 863 pru-

249 891 398 955 trabatur
418 890 530 954 radius
550 892 611 954 dbt
633 890 697 972 (rip.
714 891 785 965 93),
808 900 841 954 et
862 891 1090 955 existimentur
1111 909 1182 955 esse
1202 910 1255 956 res
1274 894 1323 955 vi-

251 1003 376 1065 dendae
397 1019 497 1083 super
518 1003 554 1064 bt
575 1008 608 1065 et
628 1020 729 1083 super
749 1003 810 1077 bb,·
841 1003 1022 1066 secundnm
1046 1009 1200 1084 utrosque
1216 1002 1346 1084 igitur.

250 1113 366 1178 modos
389 1113 571 1195 praedictos
593 1113 633 1175 de
656 1114 834 1193 positione,
857 1113 1135 1195 perpendicularis
1158 1115 1281 1177 cadens
1304 1132 1325 1176 a

250 1242 286 1289 re
308 1225 467 1299 ridenda,
489 1242 573 1304 quae
595 1230 644 1287 est
665 1241 765 1304 snper
785 1226 821 1287 bt
841 1233 878 1287 ut
900 1235 948 1304 tp,
971 1225 1094 1288 secabit
1114 1225 1246 1288 radium
1268 1226 1324 1300 bl,-

250 1335 531 1418 perpendicularis
558 1343 667 1399 autem
690 1352 773 1415 quaa
796 1336 941 1416 procedit
962 1337 1003 1398 ab
1026 1335 1137 1416 aliqua
1159 1336 1200 1399 ds
1222 1335 1324 1400 rebus

251 1446 465 1511 existentibus
487 1462 586 1527 super
599 1446 652 1521 to,
669 1453 706 1508 ut
718 1446 791 1522 lom,
807 1447 1006 1526 quandoque
1021 1447 1086 1509 erit
1101 1446 1325 1527 aequidistans

251 1559 326 1632 dbl,
349 1565 382 1621 et
403 1557 597 1638 quandoque
619 1557 730 1620 iuncta
753 1556 783 1620 ei
807 1564 928 1637 aparte
942 1558 974 1630 t,
989 1560 1015 1632 t,
1030 1557 1231 1638 quandoque
1246 1576 1324 1621 rero

252 1668 357 1751 magis
379 1674 517 1732 remota.
550 1666 708 1732 PossibiIe
731 1675 782 1731 est
804 1668 1072 1747 enim'angulum
1092 1668 1153 1731 att
1171 1668 1323 1748 quando-

251 1798 316 1864 que
337 1780 412 1848 fleri
433 1780 518 1842 sicut
539 1779 696 1859 angulum
718 1780 798 1854 tlte,
828 1785 860 1842 ct
888 1778 1083 1859 quandoque
1105 1778 1269 1842 maiorem
1292 1786 1327 1842 et

252 1891 450 1975 quaudoque
479 1890 663 1965 minorem,
696 1891 877 1953 secundum
909 1890 1123 1970 quantitatem
1154 1889 1205 1954 rei
1236 1904 1323 1971 quse

252 2004 382 2068 vidstur
403 2004 437 2066 in
460 2002 487 2064 t.

294 2117 332 2178 lit
351 2114 406 2177 hic
427 2113 528 2176 etiem
548 2111 705 2193 possibile
729 2117 778 2175 est
799 2130 866 2177 non
888 2112 981 2193 iungi
1004 2112 1187 2195 praedictas
1208 2111 1326 2187 lineas,

252 2224 404 2291 videlicet
420 2224 531 2287 radius
550 2223 651 2287 flexus
667 2223 946 2304 perpendicularis
961 2224 1081 2287 cadens
1097 2242 1116 2287 a
1130 2240 1166 2287 rs
1180 2224 1327 2287 videnda
1393 2202 1397 2219 ⁵

252 2339 289 2403 in
318 2310 527 2418 superficiem
554 2334 594 2397 d‘e
625 2352 692 2415 qua
715 2335 753 2396 iit
775 2334 872 2398 flexio
886 2380 898 2419 ,Ι
924 2352 984 2397 nec
1006 2335 1069 2397 erit
1090 2334 1182 2398 locus
1203 2335 1329 2400 formes

253 2448 513 2520 determinatae,
541 2446 627 2526 quod
656 2445 773 2526 utique
798 2445 955 2526 possibile
982 2453 1050 2521 est,
1078 2464 1152 2509 cum
1181 2446 1325 2527 superfl-

254 2561 337 2634 cies‚
360 2558 401 2622 de
422 2575 487 2637 qua
509 2557 546 2619 iit
565 2555 676 2630 flexio,
698 2556 797 2619 fuerit
818 2555 1004 2632 circularis,
1028 2561 1060 2620 et
1081 2574 1218 2620 curvum
1238 2556 1326 2621 latus

255 2672 326 2736 eius
355 2675 388 2734 et
415 2667 568 2731 subtilius
595 2684 714 2747 corpus
742 2666 865 2730 merint
887 2685 906 2730 a
927 2673 1017 2748 parte
1038 2668 1151 2742 risus,
1173 2666 1225 2730 rel
1248 2684 1325 2730 cum

255 2781 355 2846 luerit
386 2796 566 2842 concavum
603 2776 687 2840 lalus
719 2778 930 2859 superficiei,
965 2786 998 2842 et
1031 2796 1147 2860 corpus
1180 2774 1327 2860 grossius

255 2910 368 2958 versus
389 2890 503 2953 risum.

298 3004 336 3066 ln
358 2999 519 3066 universis
542 3005 651 3062 autem
674 2998 811 3081 reliquis
833 3001 940 3064 modis
956 3001 1062 3065 lineae
1079 3018 1159 3082 ques
1175 3000 1326 3075 diximus,

256 3131 386 3196 semper
406 3113 596 3194 lungrmtur3
620 3111 677 3175 sed
699 3128 775 3175 cum
797 3130 865 3176 non
887 3112 1110 3185 convenerint,
1129 3112 1248 3176 eccidit
1265 3113 1327 3176 ite·

255 3234 330 3291 rum
352 3224 437 3288 visui
458 3223 543 3287 sicut
564 3223 681 3285 accidit
702 3222 738 3284 in
759 3224 900 3304 speculis
923 3225 963 3288 de
987 3225 1155 3303 passione,
1178 3241 1264 3304 quae
1289 3223 1328 3287 fit

256 3339 292 3402 in
314 3337 363 3401 eis
384 3353 484 3416 penes
510 3334 798 3407 coniunctionem,
826 3342 958 3416 excepto
980 3336 1068 3414 quod
1090 3334 1180 3427 locus
1203 3335 1239 3397 in
1261 3348 1327 3415 quo

257 3451 293 3512 fit
321 3447 441 3530 positio
470 3444 538 3519 rei,
568 3462 636 3506 non
659 3444 719 3507 erit
740 3446 954 3521 terminatus,
984 3446 1043 3509 sed
1069 3446 1264 3509 transfertur
1286 3447 1327 3509 ed

257 3559 367 3624 lecum
390 3572 601 3622 communem
622 3555 885 3636 perpendiculari
907 3565 940 3620 et
960 3556 1169 3639 superficiei,
1198 3557 1240 3620 de
1262 3574 1329 3636 qua

260 3671 298 3734 flt
318 3669 429 3742 tlexio,
452 3674 484 3730 et
505 3664 642 3747 suscipit
663 3665 803 3729 formam
826 3668 875 3730 rei
897 3668 1071 3742 videndae,
1094 3675 1126 3731 et
1148 3666 1211 3731 erit
1226 3665 1330 3732 conti·

258 3798 362 3845 nuum
385 3779 472 3842 siin
495 3777 616 3839 situ-et
636 3776 670 3839 in
695 3773 829 3858 corpore
853 3779 939 3858 quod
961 3779 1051 3841 visus
1074 3785 1229 3860 penetrat.

300 3891 379 3954 dum
401 3891 511 3970 itaque
533 3886 614 3950 haec
632 3887 846 3951 determinata
861 3866 1052 3968 habeamus,
1069 3890 1161 3954 decet
1175 3909 1235 3954 nos
1252 3906 1332 3955 con·

258 4001 401 4066 siderare
423 4000 463 4062 de
485 3998 726 4062 diversitatibus
749 4001 928 4064 formarum
944 4001 978 4064 iu
995 4019 1192 4083 unaquaque
1207 4002 1329 4084 specie,

260 4112 422 4176 stridere
446 4110 474 4172 si
496 4109 558 4173 bec
580 4107 769 4173 invenietur
797 4112 999 4176 concordans
1031 4111 1220 4195 principiis,
1250 4124 1329 4197 qne·
