3278 5364
259 539 320 607 ttt

258 655 407 736 draginta
428 663 460 718 et
481 653 659 729 dimidiae3
683 661 715 716 et
736 670 812 716 cum
834 653 934 717 fuerit
956 670 1001 713 αι
1022 652 1248 732 septuaginta,
1270 651 1332 715 erit

257 766 303 846 pb
330 764 547 846 quadraginta
575 764 721 846 quinque
750 770 783 826 et
809 762 988 837 dimidiae;
1018 769 1149 826 etcum
1171 762 1274 827 fuerit
1293 781 1333 827 or

260 874 440 956 octoginta,
463 875 525 938 erit
546 875 593 954 pb
616 873 866 953 quinquaginta.

303 2296 505 2368 Quantitates
527 2295 661 2377 quidem
682 2295 881 2359 fractionum
903 2314 987 2376 quae
1010 2296 1096 2359 flunt
1118 2295 1155 2357 in
1174 2314 1272 2376 aqua,
1290 2297 1336 2358 in·

261 2406 429 2480 venimus,
452 2405 537 2468 sicut
560 2411 610 2469 est
632 2405 828 2484 expositum,
850 2424 919 2468 non
942 2405 1101 2470 existente
1123 2407 1214 2468 inter
1235 2422 1336 2487 aquas

261 2515 413 2579 sensibili
434 2515 620 2580 diversitate
643 2520 777 2596 propter
799 2516 1055 2595 grossitudinem
1074 2524 1106 2578 et
1123 2515 1337 2579 subtilitatem

263 2643 389 2689 aarum.

305 2735 338 2797 Si
361 2753 437 2799 vero
461 2735 682 2817 aspexerimus
705 2753 725 2798 a
746 2735 966 2817 grossitudine
990 2734 1151 2799 naturalis
1172 2752 1281 2817 aquae
1297 2736 1338 2799 ed

262 2845 417 2909 subtilius
440 2863 571 2926 corpus,
595 2847 762 2928 apparebit
783 2845 887 2909 multa
908 2845 1078 2909 diversitas
1101 2846 1142 2909 de
1160 2854 1337 2927 augmento

262 2956 352 3037 quod
373 2955 410 3017 fit
433 2955 467 3018 in
491 2954 620 3036 angulis
643 2964 675 3020 et
696 2957 730 3019 in
754 2957 934 3037 quantitate
956 2955 1116 3031 flexionis,
1139 2975 1226 3037 quae
1248 2957 1287 3019 nt
1304 2956 1338 3019 in

262 3065 403 3129 transitu
425 3067 509 3128 radii
532 3067 573 3129 ab
597 3085 694 3147 aqua,
711 3085 794 3148 quae
816 3067 1038 3147 spissiorem,
1061 3068 1102 3129 ad
1122 3067 1157 3129 id
1179 3067 1270 3147 quod
1291 3072 1341 3131 est

263 3174 428 3239 subtilius.
452 3177 516 3239 Sed
538 3176 617 3257 quia
637 3176 843 3257 impossibile
867 3183 916 3239 est
936 3177 1034 3239 nobis
1057 3194 1115 3257 per
1131 3176 1339 3259 praedictum

262 3286 524 3367 experimentum
538 3287 740 3368 perpendere
758 3286 909 3349 habitum
924 3285 1102 3358 fractionis.
1116 3302 1202 3365 quae
1213 3286 1252 3349 iit
1265 3303 1339 3350 cum

264 3395 374 3459 radius
396 3395 542 3476 procedit
564 3415 583 3458 a
605 3396 762 3476 grossiori
784 3396 925 3460 humore
941 3397 983 3459 ad
997 3395 1219 3471 subtiliorem,
1233 3395 1340 3478 dispo

263 3506 391 3569 suimus
414 3507 581 3586 inquirere
604 3507 754 3570 ordinem
776 3505 974 3586 angulorum
996 3505 1113 3569 taliter.

305 3615 376 3678 Fiat
397 3616 437 3679 de
458 3617 543 3678 vitro
566 3635 646 3698 puro
670 3616 922 3698 semicylindrue
945 3617 1127 3680 secundum
1150 3614 1339 3681 similitudi·

265 3743 342 3788 nem
364 3725 550 3789 medietatis
572 3725 709 3806 plancae
731 3727 902 3799 rotundae,
925 3725 1107 3806 descriptus
1126 3744 1185 3806 per
1201 3724 1340 3791 circum-

265 3835 441 3900 ferentiam
463 3836 516 3899 stt
541 3842 548 3912 t
558 3837 607 3917 dp.
630 3836 707 3910 Sit,
736 3837 842 3917 sitque
866 3838 1025 3899 diameter
1047 3836 1118 3899 eius
1140 3835 1255 3899 minor
1275 3836 1339 3899 dis·

266 3952 371 4008 metro
393 3946 529 4026 plancae
552 3964 670 4009 aereae
692 3965 792 4026 quam
814 3947 1045 4028 praediximus,
1061 3954 1093 4008 et
1107 3950 1240 4026 aptetur
1253 3944 1338 4009 basis

267 4055 338 4119 eius
360 4074 458 4139 super
480 4057 647 4140 plancam,
670 4057 715 4119 ita
737 4064 773 4121 ut
795 4063 862 4121 tota
884 4055 934 4121 illi
951 4056 1127 4121 coniuncte
1140 4054 1195 4132 sit;
1218 4062 1252 4122 et
1265 4072 1337 4123 ceu·
