3278 5364
316 491 356 556 14

315 619 415 684 quam
437 599 523 665 illud
536 599 626 682 quod
639 599 675 662 in
691 596 850 663 lateribus
870 615 930 679 per
943 597 1096 662 laterales
1118 599 1295 681 aspicitur,
1322 619 1401 683 quo·

314 713 405 776 niam
431 710 681 793 propinquiores
710 716 788 772 sunt
813 707 1003 791 privationi.
1029 708 1093 772 Illa
1116 728 1196 775 vero
1218 728 1305 791 quae
1327 729 1399 776 suc-

314 821 435 886 cedunt
456 821 528 898 axi,
550 821 731 884 remotiora
751 824 829 881 sunt
850 837 871 883 a
890 818 1083 900 privatione.
1107 818 1270 884 Similiter
1296 821 1397 885 etiam
1429 859 1443 873 ·

315 938 348 995 et
362 950 410 1006 ea,
426 949 511 1013 quae
526 929 653 993 suntin
670 929 781 993 medio
795 928 982 993 sectionum
997 928 1225 1010 sphaerarum,
1239 931 1333 1011 quod
1350 937 1399 996 est

313 1041 512 1123 principium
534 1040 725 1122 pyramidis,
747 1056 824 1103 cum
845 1039 1047 1121 principium
1067 1039 1172 1120 ipsius
1186 1039 1350 1122 sphaerae
1365 1047 1398 1105 et

312 1152 449 1215 virtutes
471 1167 556 1231 quae
576 1149 839 1231 appropinquant
852 1148 1024 1231 principiis
1040 1147 1193 1230 propriis,
1207 1149 1276 1213 sint
1291 1149 1399 1215 effica-

314 1261 438 1340 ciores,
459 1267 572 1342 utpote
593 1260 698 1324 iactus
720 1259 888 1334 iactantis,
912 1265 946 1322 ct
965 1256 1137 1323 calefactio
1159 1257 1395 1336 calefacientis,

313 1378 347 1436 et
367 1370 568 1434 illuminatio
590 1369 831 1444 illuminantis,
853 1375 886 1432 et
907 1375 1031 1451 quante
1049 1370 1156 1450 magis
1178 1387 1199 1435 a
1219 1369 1393 1453 principiis

315 1481 526 1561 elongantur,
547 1486 639 1544 tanto
662 1477 839 1543 debiliores
861 1480 955 1542 flunt.
979 1481 1060 1543 llum
1073 1478 1174 1558 igitur
1194 1479 1396 1562 principium

312 1589 452 1654 risibilis
480 1590 566 1653 radii
592 1590 628 1653 in
656 1589 761 1671 ligura
792 1588 975 1672 pyramidis
1003 1589 1047 1652 sit
1077 1588 1218 1672 duplex,
1251 1589 1394 1656 altemm

314 1701 451 1783 quidem
472 1700 509 1762 in
530 1701 641 1765 medio
663 1699 823 1782 sphaerae
838 1700 875 1762 in
888 1718 957 1763 uno
971 1705 1106 1782 puncto,
1124 1700 1215 1782 quod
1231 1706 1283 1766 est
1297 1707 1394 1784 caput

313 1811 517 1895 pyramidis,
540 1810 683 1876 alterum
703 1828 782 1875 vero
804 1814 855 1874 est
874 1815 965 1876 recta
985 1808 1089 1886 linea,
1109 1827 1195 1891 quae
1216 1809 1336 1893 incipit
1352 1812 1392 1875 ab

312 1923 377 1986 isto
398 1922 486 1998 loco,
506 1922 713 2004 protenditur
732 1939 792 2003 per
813 1926 919 1995 totam
938 1919 1181 2002 longitudinem
1203 1928 1305 1986 otest
1325 1921 1393 1987 axis

312 2033 450 2113 ligurae3
473 2038 601 2115 eportet
621 2038 659 2096 ut
674 2037 823 2114 aspectus
840 2031 923 2108 eius,
937 2032 1028 2112 quod
1045 2031 1222 2112 elongatur
1243 2048 1265 2095 a
1286 2032 1391 2115 capite

312 2143 512 2224 pyramidis,
534 2143 593 2207 dat
613 2159 691 2205 cum
711 2142 805 2207 radio
830 2142 954 2205 minori
970 2141 1007 2205 in
1020 2141 1141 2205 virtute
1163 2159 1266 2223 quam
1288 2141 1393 2219 illius,

314 2253 409 2316 cuius
441 2252 596 2316 distantia
622 2258 672 2317 est
702 2253 879 2317 moderata.
914 2250 1075 2316 Similiter
1099 2252 1201 2315 etiam
1221 2270 1285 2329 sa,
1311 2271 1394 2334 quae

317 2369 443 2428 remota
473 2363 620 2429 suntab
650 2380 708 2428 axe
736 2369 889 2444 respectu
917 2360 1072 2439 illorum,
1093 2380 1180 2445 quae
1205 2364 1395 2447 propinqua

319 2478 399 2537 sunt
420 2474 462 2538 ei.

360 2582 509 2646 Diximus
537 2600 614 2664 ergo
644 2600 728 2664 quae
750 2589 830 2646 sunt
851 2582 931 2661 illa,
961 2601 1147 2667 quaerere
1168 2583 1345 2660 ridentur,
1366 2593 1397 2649 et

317 2711 402 2774 quae
424 2695 543 2775 primo,
566 2700 601 2758 et
622 2711 708 2774 quae
731 2700 920 2774 sequenter.
942 2694 1092 2758 Diximus
1116 2693 1219 2758 etiam
1240 2710 1328 2775 quae
1347 2695 1394 2758 ri·

315 2805 437 2867 dentur
458 2802 575 2885 magis,
597 2809 630 2868 et
652 2822 738 2886 quae
766 2804 889 2869 minus.
911 2804 1080 2869 Tenebrae
1098 2811 1213 2869 autem
1227 2821 1395 2887 nusquam

318 2913 493 2989 videntur,
524 2913 583 2977 sed
617 2913 850 2994 cognoscimus
879 2931 936 2978 eas
963 2932 1025 2995 per
1050 2915 1285 2990 vacationem,
1314 2932 1398 2996 quae

316 3010 437 3088 accidit
457 3023 563 3103 visui;
585 3024 871 3105 quemadmodum
899 3041 1113 3106 nequaquam
1135 3024 1294 3089 audimus
1316 3023 1397 3089 taci-

314 3133 532 3210 turnitatem,
562 3139 805 3199 verumtamen.
825 3136 1057 3216 cognoscimus
1080 3152 1154 3199 eam
1176 3154 1237 3217 per
1258 3136 1398 3201 vacatio·

313 3262 392 3308 nem
414 3244 570 3321 auditus,
602 3252 635 3309 et
663 3244 898 3310 universaliter
920 3245 1154 3328 cognoscimus
1174 3245 1305 3328 speeies
1328 3246 1396 3330 pri·

315 3353 461 3417 rationis
491 3371 550 3434 per
579 3354 786 3419 vacationem
815 3354 1055 3419 sensibilitatis.
1077 3355 1300 3430 Quandtatem
1320 3375 1399 3423 vero

316 3461 453 3525 illorum
474 3464 708 3544 cognoscimus
728 3482 788 3546 per
809 3465 971 3529 terminos
992 3470 1149 3542 actuum,
1170 3466 1400 3549 sicutcogno·

316 3572 443 3637 scimus
457 3574 678 3654 quantitatem
692 3573 758 3638 loci
771 3574 939 3641 tenebrosi
952 3592 1013 3658 per
1026 3575 1233 3641 continentes
1247 3575 1397 3642 lucidum

316 3683 489 3759 terminos,
501 3689 536 3747 et
550 3685 782 3764 cognoscimus
797 3684 1033 3750 taciturnitatis
1048 3685 1211 3752 terminos
1224 3704 1285 3770 per
1298 3687 1401 3753 linem

316 3799 349 3857 et
369 3793 572 3875 principium
592 3793 695 3857 vocis.

363 3904 402 3967 m
416 3902 496 3984 quia
511 3904 579 3968 iam
596 3903 750 3981 diximus,
766 3906 858 3986 quod
872 3904 964 3971 modi
979 3905 1104 3988 quibus
1117 3904 1274 3973 videntur
1286 3925 1341 3973 res
1354 3906 1399 3971 vi·

320 4012 459 4091 dandae,
474 4021 554 4080 sunt
570 4015 594 4098 [.
604 4016 663 4099 ..η
680 4017 828 4083 secunda
840 4016 982 4099 species,
997 4016 1103 4082 altera
1116 4034 1218 4098 quam
1232 4017 1319 4082 illud
1333 4037 1400 4102 quo
