<?xml version="1.0" encoding="UTF-8"?>
<!DOCTYPE html PUBLIC "-//W3C//DTD XHTML 1.0 Transitional//EN"
    "http://www.w3.org/TR/xhtml1/DTD/xhtml1-transitional.dtd">
<html xmlns="http://www.w3.org/1999/xhtml" xml:lang="en" lang="en">
 <head>
  <title>
</title>
<meta http-equiv="Content-Type" content="text/html;charset=utf-8" />
  <meta name='ocr-system' content='tesseract 3.04.00' />
  <meta name='ocr-capabilities' content='ocr_page ocr_carea ocr_par ocr_line ocrx_word'/>
</head>
<body>
  <div class='ocr_page' id='page_1' title='image "./lotticadiclaudi00eugegoog_0190.png"; bbox 0 0 3278 5364; ppageno 0'>
   <div class='ocr_carea' id='block_1_1' title="bbox 231 638 1405 4261">
    <p class='ocr_par' dir='ltr' id='par_1_1' title="bbox 1263 638 1324 705">
     <span class='ocr_line' id='line_1_1' title="bbox 1263 638 1324 705; baseline -0.033 0"><span class='ocrx_word' id='word_1_1' title='bbox 1263 638 1324 705; x_wconf 82' lang='lat' dir='ltr'><strong>tas</strong></span> 
     </span>
    </p>

    <p class='ocr_par' dir='ltr' id='par_1_2' title="bbox 231 750 1326 1051">
     <span class='ocr_line' id='line_1_2' title="bbox 302 750 1324 833; baseline -0.001 -18"><span class='ocrx_word' id='word_1_2' title='bbox 302 751 418 815; x_wconf 84' lang='lat' dir='ltr'><strong>Omnia</strong></span> <span class='ocrx_word' id='word_1_3' title='bbox 439 751 539 832; x_wconf 88' lang='lat' dir='ltr'><strong>igitur</strong></span> <span class='ocrx_word' id='word_1_4' title='bbox 560 751 682 833; x_wconf 89' lang='lat' dir='ltr'><strong>quibus</strong></span> <span class='ocrx_word' id='word_1_5' title='bbox 704 751 870 832; x_wconf 79' lang='lat' dir='ltr'>indigetur</span> <span class='ocrx_word' id='word_1_6' title='bbox 890 752 925 813; x_wconf 91' lang='lat' dir='ltr'><strong>in</strong></span> <span class='ocrx_word' id='word_1_7' title='bbox 947 768 1099 815; x_wconf 82' lang='lat' dir='ltr'>sermone</span> <span class='ocrx_word' id='word_1_8' title='bbox 1123 750 1163 813; x_wconf 89' lang='lat' dir='ltr'><strong>de</strong></span> <span class='ocrx_word' id='word_1_9' title='bbox 1185 751 1324 826; x_wconf 90' lang='lat' dir='ltr'><strong>formis,</strong></span> 
     </span>
     <span class='ocr_line' id='line_1_3' title="bbox 259 861 1326 943; baseline -0.003 -16"><span class='ocrx_word' id='word_1_10' title='bbox 259 878 344 942; x_wconf 86' lang='lat' dir='ltr'><strong>quae</strong></span> <span class='ocrx_word' id='word_1_11' title='bbox 366 863 521 926; x_wconf 90' lang='lat' dir='ltr'><strong>videntur</strong></span> <span class='ocrx_word' id='word_1_12' title='bbox 542 863 577 924; x_wconf 92' lang='lat' dir='ltr'><strong>in</strong></span> <span class='ocrx_word' id='word_1_13' title='bbox 599 861 806 942; x_wconf 83' lang='lat' dir='ltr'><strong>simplicibus</strong></span> <span class='ocrx_word' id='word_1_14' title='bbox 827 861 969 943; x_wconf 77' lang='lat' dir='ltr'><strong>speculis</strong></span> <span class='ocrx_word' id='word_1_15' title='bbox 991 869 1023 924; x_wconf 90' lang='lat' dir='ltr'><strong>et</strong></span> <span class='ocrx_word' id='word_1_16' title='bbox 1043 878 1112 924; x_wconf 93' lang='lat' dir='ltr'><strong>non</strong></span> <span class='ocrx_word' id='word_1_17' title='bbox 1130 861 1326 937; x_wconf 86' lang='lat' dir='ltr'><strong>commixtis,</strong></span> 
     </span>
     <span class='ocr_line' id='line_1_4' title="bbox 231 971 812 1051; baseline 0 -18"><span class='ocrx_word' id='word_1_18' title='bbox 231 972 233 976; x_wconf 82' lang='grc'><strong>’</strong></span> <span class='ocrx_word' id='word_1_19' title='bbox 258 971 328 1036; x_wconf 79' lang='lat' dir='ltr'><strong>fere</strong></span> <span class='ocrx_word' id='word_1_20' title='bbox 350 972 433 1036; x_wconf 91' lang='lat' dir='ltr'><strong>haec</strong></span> <span class='ocrx_word' id='word_1_21' title='bbox 455 979 534 1035; x_wconf 91' lang='lat' dir='ltr'><strong>sunt</strong></span> <span class='ocrx_word' id='word_1_22' title='bbox 554 989 639 1051; x_wconf 88' lang='lat' dir='ltr'><strong>quae</strong></span> <span class='ocrx_word' id='word_1_23' title='bbox 662 972 812 1035; x_wconf 79' lang='lat' dir='ltr'><strong>diximus.</strong></span> 
     </span>
    </p>

    <p class='ocr_par' dir='ltr' id='par_1_3' title="bbox 241 1081 1333 2269">
     <span class='ocr_line' id='line_1_5' title="bbox 302 1081 1326 1163; baseline -0.003 -16"><span class='ocrx_word' id='word_1_24' title='bbox 302 1084 393 1157; x_wconf 82' lang='lat' dir='ltr'><strong>Quod</strong></span> <span class='ocrx_word' id='word_1_25' title='bbox 420 1091 531 1148; x_wconf 88' lang='lat' dir='ltr'><strong>autem</strong></span> <span class='ocrx_word' id='word_1_26' title='bbox 554 1083 592 1146; x_wconf 90' lang='lat' dir='ltr'><strong>fit</strong></span> <span class='ocrx_word' id='word_1_27' title='bbox 612 1101 651 1146; x_wconf 89' lang='lat' dir='ltr'><strong>ex</strong></span> <span class='ocrx_word' id='word_1_28' title='bbox 671 1082 909 1162; x_wconf 81' lang='lat' dir='ltr'><strong>compositione</strong></span> <span class='ocrx_word' id='word_1_29' title='bbox 937 1083 1037 1145; x_wconf 88' lang='lat' dir='ltr'><strong>trium</strong></span> <span class='ocrx_word' id='word_1_30' title='bbox 1059 1082 1238 1163; x_wconf 85' lang='lat' dir='ltr'><strong>figurarum</strong></span> <span class='ocrx_word' id='word_1_31' title='bbox 1259 1081 1326 1162; x_wconf 91' lang='lat' dir='ltr'><strong>pri·</strong></span> 
     </span>
     <span class='ocr_line' id='line_1_6' title="bbox 258 1192 1324 1274; baseline 0 -18"><span class='ocrx_word' id='word_1_32' title='bbox 258 1211 411 1270; x_wconf 89' lang='lat' dir='ltr'><strong>marum,</strong></span> <span class='ocrx_word' id='word_1_33' title='bbox 439 1201 472 1257; x_wconf 92' lang='lat' dir='ltr'><strong>et</strong></span> <span class='ocrx_word' id='word_1_34' title='bbox 499 1195 588 1273; x_wconf 88' lang='lat' dir='ltr'><strong>qood</strong></span> <span class='ocrx_word' id='word_1_35' title='bbox 615 1193 734 1257; x_wconf 86' lang='lat' dir='ltr'><strong>accidit</strong></span> <span class='ocrx_word' id='word_1_36' title='bbox 755 1193 789 1254; x_wconf 90' lang='lat' dir='ltr'><strong>in</strong></span> <span class='ocrx_word' id='word_1_37' title='bbox 814 1193 861 1256; x_wconf 90' lang='lat' dir='ltr'><strong>eis</strong></span> <span class='ocrx_word' id='word_1_38' title='bbox 883 1194 923 1256; x_wconf 94' lang='lat' dir='ltr'><strong>de</strong></span> <span class='ocrx_word' id='word_1_39' title='bbox 945 1192 1184 1274; x_wconf 77' lang='lat' dir='ltr'><strong>compositione</strong></span> <span class='ocrx_word' id='word_1_40' title='bbox 1206 1192 1324 1273; x_wconf 84' lang='lat' dir='ltr'><strong>figura-</strong></span> 
     </span>
     <span class='ocr_line' id='line_1_7' title="bbox 241 1303 1325 1385; baseline -0.002 -17"><span class='ocrx_word' id='word_1_41' title='bbox 241 1323 346 1380; x_wconf 88' lang='lat' dir='ltr'><strong>·mm,</strong></span> <span class='ocrx_word' id='word_1_42' title='bbox 369 1303 520 1368; x_wconf 89' lang='lat' dir='ltr'><strong>videlicet</strong></span> <span class='ocrx_word' id='word_1_43' title='bbox 540 1304 658 1384; x_wconf 90' lang='lat' dir='ltr'><strong>planae</strong></span> <span class='ocrx_word' id='word_1_44' title='bbox 685 1311 716 1367; x_wconf 90' lang='lat' dir='ltr'><strong>et</strong></span> <span class='ocrx_word' id='word_1_45' title='bbox 737 1321 854 1367; x_wconf 89' lang='lat' dir='ltr'><strong>curvae</strong></span> <span class='ocrx_word' id='word_1_46' title='bbox 870 1309 903 1367; x_wconf 91' lang='lat' dir='ltr'><strong>et</strong></span> <span class='ocrx_word' id='word_1_47' title='bbox 917 1321 1088 1379; x_wconf 87' lang='lat' dir='ltr'><strong>concavae,</strong></span> <span class='ocrx_word' id='word_1_48' title='bbox 1104 1303 1260 1385; x_wconf 89' lang='lat' dir='ltr'><strong>possibile</strong></span> <span class='ocrx_word' id='word_1_49' title='bbox 1275 1310 1325 1366; x_wconf 91' lang='lat' dir='ltr'><strong>est</strong></span> 
     </span>
     <span class='ocr_line' id='line_1_8' title="bbox 257 1409 1325 1495; baseline 0 -19"><span class='ocrx_word' id='word_1_50' title='bbox 257 1409 579 1495; x_wconf 87' lang='lat' dir='ltr'><strong>intelligerevolenti</strong></span> <span class='ocrx_word' id='word_1_51' title='bbox 592 1413 676 1477; x_wconf 94' lang='lat' dir='ltr'><strong>illud</strong></span> <span class='ocrx_word' id='word_1_52' title='bbox 692 1414 892 1494; x_wconf 80' lang='lat' dir='ltr'><strong>dignoscere,</strong></span> <span class='ocrx_word' id='word_1_53' title='bbox 907 1430 983 1477; x_wconf 92' lang='lat' dir='ltr'><strong>cum</strong></span> <span class='ocrx_word' id='word_1_54' title='bbox 997 1412 1211 1476; x_wconf 76' lang='lat' dir='ltr'><strong>ratiocinatus</strong></span> <span class='ocrx_word' id='word_1_55' title='bbox 1225 1413 1325 1476; x_wconf 81' lang='lat' dir='ltr'><strong>fuerit</strong></span> 
     </span>
     <span class='ocr_line' id='line_1_9' title="bbox 258 1523 1326 1605; baseline -0.003 -16"><span class='ocrx_word' id='word_1_56' title='bbox 258 1525 442 1589; x_wconf 91' lang='lat' dir='ltr'><strong>secundum</strong></span> <span class='ocrx_word' id='word_1_57' title='bbox 464 1530 660 1605; x_wconf 82' lang='lat' dir='ltr'><strong>praetaxata3</strong></span> <span class='ocrx_word' id='word_1_58' title='bbox 679 1531 712 1588; x_wconf 88' lang='lat' dir='ltr'><strong>et</strong></span> <span class='ocrx_word' id='word_1_59' title='bbox 728 1525 757 1586; x_wconf 92' lang='lat' dir='ltr'><strong>si</strong></span> <span class='ocrx_word' id='word_1_60' title='bbox 772 1524 846 1604; x_wconf 86' lang='lat' dir='ltr'><strong>quis</strong></span> <span class='ocrx_word' id='word_1_61' title='bbox 860 1523 1072 1605; x_wconf 89' lang='lat' dir='ltr'><strong>perpenderit</strong></span> <span class='ocrx_word' id='word_1_62' title='bbox 1087 1542 1125 1587; x_wconf 90' lang='lat' dir='ltr'><strong>ea</strong></span> <span class='ocrx_word' id='word_1_63' title='bbox 1141 1540 1225 1604; x_wconf 89' lang='lat' dir='ltr'><strong>quae</strong></span> <span class='ocrx_word' id='word_1_64' title='bbox 1240 1523 1326 1587; x_wconf 80' lang='lat' dir='ltr'><strong>dicta</strong></span> 
     </span>
     <span class='ocr_line' id='line_1_10' title="bbox 258 1634 1324 1717; baseline -0.003 -18"><span class='ocrx_word' id='word_1_65' title='bbox 258 1643 337 1702; x_wconf 87' lang='lat' dir='ltr'><strong>sunt</strong></span> <span class='ocrx_word' id='word_1_66' title='bbox 357 1637 397 1700; x_wconf 91' lang='lat' dir='ltr'><strong>de</strong></span> <span class='ocrx_word' id='word_1_67' title='bbox 419 1634 559 1716; x_wconf 86' lang='lat' dir='ltr'><strong>speculis</strong></span> <span class='ocrx_word' id='word_1_68' title='bbox 580 1634 704 1717; x_wconf 90' lang='lat' dir='ltr'><strong>planis,</strong></span> <span class='ocrx_word' id='word_1_69' title='bbox 726 1636 833 1698; x_wconf 90' lang='lat' dir='ltr'><strong>curvis</strong></span> <span class='ocrx_word' id='word_1_70' title='bbox 856 1641 888 1698; x_wconf 89' lang='lat' dir='ltr'><strong>et</strong></span> <span class='ocrx_word' id='word_1_71' title='bbox 909 1635 1071 1709; x_wconf 81' lang='lat' dir='ltr'><strong>concavis,</strong></span> <span class='ocrx_word' id='word_1_72' title='bbox 1095 1634 1189 1698; x_wconf 91' lang='lat' dir='ltr'><strong>etde</strong></span> <span class='ocrx_word' id='word_1_73' title='bbox 1211 1634 1324 1714; x_wconf 85' lang='lat' dir='ltr'><strong>figuris</strong></span> 
     </span>
     <span class='ocr_line' id='line_1_11' title="bbox 257 1746 1323 1827; baseline -0.001 -18"><span class='ocrx_word' id='word_1_74' title='bbox 257 1763 342 1826; x_wconf 88' lang='lat' dir='ltr'><strong>quae</strong></span> <span class='ocrx_word' id='word_1_75' title='bbox 364 1747 449 1809; x_wconf 90' lang='lat' dir='ltr'><strong>fiunt</strong></span> <span class='ocrx_word' id='word_1_76' title='bbox 470 1747 505 1808; x_wconf 89' lang='lat' dir='ltr'><strong>in</strong></span> <span class='ocrx_word' id='word_1_77' title='bbox 525 1763 726 1826; x_wconf 84' lang='lat' dir='ltr'><strong>unoquoque</strong></span> <span class='ocrx_word' id='word_1_78' title='bbox 748 1763 886 1821; x_wconf 91' lang='lat' dir='ltr'><strong>eorum,</strong></span> <span class='ocrx_word' id='word_1_79' title='bbox 908 1746 1091 1810; x_wconf 90' lang='lat' dir='ltr'><strong>secundum</strong></span> <span class='ocrx_word' id='word_1_80' title='bbox 1113 1746 1202 1825; x_wconf 88' lang='lat' dir='ltr'><strong>quod</strong></span> <span class='ocrx_word' id='word_1_81' title='bbox 1223 1763 1323 1827; x_wconf 88' lang='lat' dir='ltr'><strong>expo-</strong></span> 
     </span>
     <span class='ocr_line' id='line_1_12' title="bbox 259 1830 1333 1941; baseline 0.001 -22"><span class='ocrx_word' id='word_1_82' title='bbox 259 1857 405 1931; x_wconf 88' lang='lat' dir='ltr'><strong>suimus,</strong></span> <span class='ocrx_word' id='word_1_83' title='bbox 427 1863 459 1920; x_wconf 92' lang='lat' dir='ltr'><strong>et</strong></span> <span class='ocrx_word' id='word_1_84' title='bbox 479 1856 677 1936; x_wconf 86' lang='lat' dir='ltr'><strong>coaptaverit</strong></span> <span class='ocrx_word' id='word_1_85' title='bbox 698 1856 752 1918; x_wconf 90' lang='lat' dir='ltr'><strong>his</strong></span> <span class='ocrx_word' id='word_1_86' title='bbox 772 1856 831 1919; x_wconf 92' lang='lat' dir='ltr'><strong>illa</strong></span> <span class='ocrx_word' id='word_1_87' title='bbox 853 1873 937 1936; x_wconf 86' lang='lat' dir='ltr'><strong>quae</strong></span> <span class='ocrx_word' id='word_1_88' title='bbox 959 1830 1093 1937; x_wconf 76' lang='lat' dir='ltr'><strong>propria</strong></span> <span class='ocrx_word' id='word_1_89' title='bbox 1109 1863 1186 1919; x_wconf 88' lang='lat' dir='ltr'><strong>sunt</strong></span> <span class='ocrx_word' id='word_1_90' title='bbox 1203 1855 1333 1941; x_wconf 63' lang='lat' dir='ltr'><strong>(liemc-v</strong></span> 
     </span>
     <span class='ocr_line' id='line_1_13' title="bbox 258 1967 1324 2048; baseline 0.004 -20"><span class='ocrx_word' id='word_1_91' title='bbox 258 1968 317 2031; x_wconf 90' lang='lat' dir='ltr'><strong>tris</strong></span> <span class='ocrx_word' id='word_1_92' title='bbox 339 1984 454 2031; x_wconf 91' lang='lat' dir='ltr'><strong>eorum</strong></span> <span class='ocrx_word' id='word_1_93' title='bbox 468 2017 476 2043; x_wconf 90' lang='lat'><strong>,</strong></span> <span class='ocrx_word' id='word_1_94' title='bbox 490 1974 536 2031; x_wconf 78' lang='lat' dir='ltr'><strong>et</strong></span> <span class='ocrx_word' id='word_1_95' title='bbox 557 1967 728 2030; x_wconf 91' lang='lat' dir='ltr'><strong>diametris</strong></span> <span class='ocrx_word' id='word_1_96' title='bbox 749 1984 862 2031; x_wconf 91' lang='lat' dir='ltr'><strong>rerum</strong></span> <span class='ocrx_word' id='word_1_97' title='bbox 883 1985 968 2048; x_wconf 88' lang='lat' dir='ltr'><strong>quae</strong></span> <span class='ocrx_word' id='word_1_98' title='bbox 988 1967 1143 2029; x_wconf 88' lang='lat' dir='ltr'><strong>videntur</strong></span> <span class='ocrx_word' id='word_1_99' title='bbox 1164 1983 1202 2030; x_wconf 91' lang='lat' dir='ltr'><strong>ex</strong></span> <span class='ocrx_word' id='word_1_100' title='bbox 1224 1984 1324 2048; x_wconf 90' lang='lat' dir='ltr'><strong>oppo-</strong></span> 
     </span>
     <span class='ocr_line' id='line_1_14' title="bbox 259 2077 1325 2158; baseline 0.002 -18"><span class='ocrx_word' id='word_1_101' title='bbox 259 2080 344 2154; x_wconf 90' lang='lat' dir='ltr'><strong>sito,</strong></span> <span class='ocrx_word' id='word_1_102' title='bbox 371 2097 440 2142; x_wconf 93' lang='lat' dir='ltr'><strong>non</strong></span> <span class='ocrx_word' id='word_1_103' title='bbox 465 2078 625 2158; x_wconf 82' lang='lat' dir='ltr'><strong>indigebit</strong></span> <span class='ocrx_word' id='word_1_104' title='bbox 648 2077 713 2141; x_wconf 89' lang='lat' dir='ltr'><strong>alio</strong></span> <span class='ocrx_word' id='word_1_105' title='bbox 735 2096 890 2142; x_wconf 87' lang='lat' dir='ltr'><strong>sermone</strong></span> <span class='ocrx_word' id='word_1_106' title='bbox 912 2079 946 2140; x_wconf 93' lang='lat' dir='ltr'><strong>in</strong></span> <span class='ocrx_word' id='word_1_107' title='bbox 969 2077 1161 2140; x_wconf 91' lang='lat' dir='ltr'><strong>huiusmodi</strong></span> <span class='ocrx_word' id='word_1_108' title='bbox 1184 2084 1325 2142; x_wconf 90' lang='lat' dir='ltr'><strong>contem·</strong></span> 
     </span>
     <span class='ocr_line' id='line_1_15' title="bbox 259 2187 987 2269; baseline 0.001 -20"><span class='ocrx_word' id='word_1_109' title='bbox 259 2187 421 2268; x_wconf 85' lang='lat' dir='ltr'><strong>piatione,</strong></span> <span class='ocrx_word' id='word_1_110' title='bbox 442 2188 510 2251; x_wconf 91' lang='lat' dir='ltr'><strong>nisi</strong></span> <span class='ocrx_word' id='word_1_111' title='bbox 530 2189 671 2252; x_wconf 87' lang='lat' dir='ltr'><strong>voluerit</strong></span> <span class='ocrx_word' id='word_1_112' title='bbox 693 2189 808 2253; x_wconf 90' lang='lat' dir='ltr'><strong>eadem</strong></span> <span class='ocrx_word' id='word_1_113' title='bbox 831 2194 987 2269; x_wconf 87' lang='lat' dir='ltr'><strong>repetere.</strong></span> 
     </span>
    </p>

    <p class='ocr_par' dir='ltr' id='par_1_4' title="bbox 235 2291 1405 4148">
     <span class='ocr_line' id='line_1_16' title="bbox 300 2291 1324 2379; baseline 0.002 -17"><span class='ocrx_word' id='word_1_114' title='bbox 300 2298 407 2362; x_wconf 77' lang='lat' dir='ltr'><strong>llacile</strong></span> <span class='ocrx_word' id='word_1_115' title='bbox 435 2301 524 2362; x_wconf 90' lang='lat' dir='ltr'><strong>enim</strong></span> <span class='ocrx_word' id='word_1_116' title='bbox 553 2299 614 2362; x_wconf 90' lang='lat' dir='ltr'><strong>erit</strong></span> <span class='ocrx_word' id='word_1_117' title='bbox 636 2291 856 2363; x_wconf 82' lang='lat' dir='ltr'><strong>consideranti</strong></span> <span class='ocrx_word' id='word_1_118' title='bbox 879 2316 917 2362; x_wconf 85' lang='lat' dir='ltr'><strong>ex</strong></span> <span class='ocrx_word' id='word_1_119' title='bbox 936 2299 1110 2379; x_wconf 90' lang='lat' dir='ltr'><strong>praedictis</strong></span> <span class='ocrx_word' id='word_1_120' title='bbox 1136 2300 1324 2379; x_wconf 80' lang='lat' dir='ltr'><strong>dignoscere</strong></span> 
     </span>
     <span class='ocr_line' id='line_1_17' title="bbox 260 2408 1322 2490; baseline 0.004 -20"><span class='ocrx_word' id='word_1_121' title='bbox 260 2408 385 2490; x_wconf 90' lang='lat' dir='ltr'><strong>species</strong></span> <span class='ocrx_word' id='word_1_122' title='bbox 406 2409 608 2474; x_wconf 87' lang='lat' dir='ltr'><strong>differentiae</strong></span> <span class='ocrx_word' id='word_1_123' title='bbox 630 2410 824 2485; x_wconf 88' lang='lat' dir='ltr'><strong>formarum,</strong></span> <span class='ocrx_word' id='word_1_124' title='bbox 849 2428 933 2489; x_wconf 88' lang='lat' dir='ltr'><strong>quae</strong></span> <span class='ocrx_word' id='word_1_125' title='bbox 956 2409 995 2471; x_wconf 89' lang='lat' dir='ltr'><strong>fit</strong></span> <span class='ocrx_word' id='word_1_126' title='bbox 1015 2410 1052 2472; x_wconf 91' lang='lat' dir='ltr'><strong>in</strong></span> <span class='ocrx_word' id='word_1_127' title='bbox 1074 2409 1214 2490; x_wconf 88' lang='lat' dir='ltr'><strong>singulis</strong></span> <span class='ocrx_word' id='word_1_128' title='bbox 1232 2429 1322 2474; x_wconf 89' lang='lat' dir='ltr'><strong>corn·</strong></span> 
     </span>
     <span class='ocr_line' id='line_1_18' title="bbox 257 2520 1323 2600; baseline 0.003 -19"><span class='ocrx_word' id='word_1_129' title='bbox 257 2520 499 2600; x_wconf 82' lang='lat' dir='ltr'><strong>positionibus3</strong></span> <span class='ocrx_word' id='word_1_130' title='bbox 530 2538 592 2583; x_wconf 93' lang='lat' dir='ltr'><strong>nec</strong></span> <span class='ocrx_word' id='word_1_131' title='bbox 617 2528 726 2584; x_wconf 89' lang='lat' dir='ltr'><strong>tamen</strong></span> <span class='ocrx_word' id='word_1_132' title='bbox 749 2528 847 2584; x_wconf 91' lang='lat' dir='ltr'><strong>nocet</strong></span> <span class='ocrx_word' id='word_1_133' title='bbox 868 2520 1031 2600; x_wconf 86' lang='lat' dir='ltr'><strong>quaedem</strong></span> <span class='ocrx_word' id='word_1_134' title='bbox 1053 2521 1195 2585; x_wconf 89' lang='lat' dir='ltr'><strong>breviter</strong></span> <span class='ocrx_word' id='word_1_135' title='bbox 1215 2521 1323 2584; x_wconf 89' lang='lat' dir='ltr'><strong>dicere</strong></span> 
     </span>
     <span class='ocr_line' id='line_1_19' title="bbox 260 2630 731 2710; baseline -0.002 -17"><span class='ocrx_word' id='word_1_136' title='bbox 260 2630 403 2710; x_wconf 88' lang='lat' dir='ltr'><strong>deipsis</strong></span> <span class='ocrx_word' id='word_1_137' title='bbox 425 2631 676 2694; x_wconf 87' lang='lat' dir='ltr'><strong>diversitatibus.</strong></span> <span class='ocrx_word' id='word_1_138' title='bbox 728 2634 731 2641; x_wconf 90' lang='lat'>&#39;</span> 
     </span>
     <span class='ocr_line' id='line_1_20' title="bbox 235 2740 1323 2821; baseline 0.003 -19"><span class='ocrx_word' id='word_1_139' title='bbox 235 2750 238 2755; x_wconf 84' lang='lat'>&#39;</span> <span class='ocrx_word' id='word_1_140' title='bbox 301 2740 438 2821; x_wconf 87' lang='lat' dir='ltr'><strong>Specula</strong></span> <span class='ocrx_word' id='word_1_141' title='bbox 467 2742 567 2820; x_wconf 91' lang='lat' dir='ltr'><strong>igitur</strong></span> <span class='ocrx_word' id='word_1_142' title='bbox 597 2742 777 2821; x_wconf 90' lang='lat' dir='ltr'><strong>composita</strong></span> <span class='ocrx_word' id='word_1_143' title='bbox 807 2759 845 2805; x_wconf 89' lang='lat' dir='ltr'><strong>ex</strong></span> <span class='ocrx_word' id='word_1_144' title='bbox 875 2742 1054 2805; x_wconf 86' lang='lat' dir='ltr'><strong>directione</strong></span> <span class='ocrx_word' id='word_1_145' title='bbox 1085 2749 1119 2805; x_wconf 92' lang='lat' dir='ltr'><strong>et</strong></span> <span class='ocrx_word' id='word_1_146' title='bbox 1146 2741 1323 2816; x_wconf 87' lang='lat' dir='ltr'><strong>curvitate,</strong></span> 
     </span>
     <span class='ocr_line' id='line_1_21' title="bbox 262 2851 1325 2932; baseline 0.001 -19"><span class='ocrx_word' id='word_1_147' title='bbox 262 2853 347 2914; x_wconf 89' lang='lat' dir='ltr'><strong>sicut</strong></span> <span class='ocrx_word' id='word_1_148' title='bbox 373 2851 431 2913; x_wconf 92' lang='lat' dir='ltr'><strong>illa</strong></span> <span class='ocrx_word' id='word_1_149' title='bbox 458 2868 541 2931; x_wconf 85' lang='lat' dir='ltr'><strong>quae</strong></span> <span class='ocrx_word' id='word_1_150' title='bbox 570 2851 692 2914; x_wconf 91' lang='lat' dir='ltr'><strong>similia</strong></span> <span class='ocrx_word' id='word_1_151' title='bbox 714 2859 790 2915; x_wconf 90' lang='lat' dir='ltr'><strong>sunt</strong></span> <span class='ocrx_word' id='word_1_152' title='bbox 816 2851 986 2932; x_wconf 80' lang='lat' dir='ltr'><strong>cylindro,</strong></span> <span class='ocrx_word' id='word_1_153' title='bbox 1018 2870 1092 2915; x_wconf 91' lang='lat' dir='ltr'><strong>cum</strong></span> <span class='ocrx_word' id='word_1_154' title='bbox 1114 2855 1204 2915; x_wconf 88' lang='lat' dir='ltr'><strong>visus</strong></span> <span class='ocrx_word' id='word_1_155' title='bbox 1225 2851 1325 2915; x_wconf 88' lang='lat' dir='ltr'><strong>fuerit</strong></span> 
     </span>
     <span class='ocr_line' id='line_1_22' title="bbox 259 2962 1324 3043; baseline 0 -18"><span class='ocrx_word' id='word_1_156' title='bbox 259 2979 280 3025; x_wconf 87' lang='lat' dir='ltr'><strong>a</strong></span> <span class='ocrx_word' id='word_1_157' title='bbox 306 2979 406 3025; x_wconf 88' lang='lat' dir='ltr'><strong>curva</strong></span> <span class='ocrx_word' id='word_1_158' title='bbox 433 2968 524 3042; x_wconf 87' lang='lat' dir='ltr'><strong>parte</strong></span> <span class='ocrx_word' id='word_1_159' title='bbox 552 2980 690 3037; x_wconf 90' lang='lat' dir='ltr'><strong>eorum,</strong></span> <span class='ocrx_word' id='word_1_160' title='bbox 719 2970 751 3025; x_wconf 90' lang='lat' dir='ltr'><strong>et</strong></span> <span class='ocrx_word' id='word_1_161' title='bbox 778 2962 948 3043; x_wconf 90' lang='lat' dir='ltr'><strong>longitudo</strong></span> <span class='ocrx_word' id='word_1_162' title='bbox 971 2962 1019 3026; x_wconf 92' lang='lat' dir='ltr'><strong>rei</strong></span> <span class='ocrx_word' id='word_1_163' title='bbox 1041 2963 1202 3026; x_wconf 88' lang='lat' dir='ltr'><strong>videndas</strong></span> <span class='ocrx_word' id='word_1_164' title='bbox 1224 2962 1324 3026; x_wconf 91' lang='lat' dir='ltr'><strong>fuerit</strong></span> 
     </span>
     <span class='ocr_line' id='line_1_23' title="bbox 257 3072 1405 3154; baseline 0.001 -18"><span class='ocrx_word' id='word_1_165' title='bbox 257 3080 365 3136; x_wconf 88' lang='lat' dir='ltr'><strong>erecta</strong></span> <span class='ocrx_word' id='word_1_166' title='bbox 392 3073 427 3134; x_wconf 92' lang='lat' dir='ltr'><strong>in</strong></span> <span class='ocrx_word' id='word_1_167' title='bbox 456 3072 528 3152; x_wconf 90' lang='lat' dir='ltr'><strong>ipso</strong></span> <span class='ocrx_word' id='word_1_168' title='bbox 557 3073 713 3153; x_wconf 89' lang='lat' dir='ltr'><strong>speculo,</strong></span> <span class='ocrx_word' id='word_1_169' title='bbox 738 3080 771 3137; x_wconf 91' lang='lat' dir='ltr'><strong>et</strong></span> <span class='ocrx_word' id='word_1_170' title='bbox 799 3075 882 3138; x_wconf 91' lang='lat' dir='ltr'><strong>situs</strong></span> <span class='ocrx_word' id='word_1_171' title='bbox 903 3074 952 3137; x_wconf 90' lang='lat' dir='ltr'><strong>rei</strong></span> <span class='ocrx_word' id='word_1_172' title='bbox 975 3074 1075 3137; x_wconf 87' lang='lat' dir='ltr'><strong>fuerit</strong></span> <span class='ocrx_word' id='word_1_173' title='bbox 1096 3075 1320 3154; x_wconf 87' lang='lat' dir='ltr'><strong>aequidistans</strong></span> <span class='ocrx_word' id='word_1_174' title='bbox 1402 3080 1405 3085; x_wconf 85' lang='lat'>&#39;</span> 
     </span>
     <span class='ocr_line' id='line_1_24' title="bbox 256 3182 1324 3265; baseline 0.002 -19"><span class='ocrx_word' id='word_1_175' title='bbox 256 3183 455 3264; x_wconf 87' lang='lat' dir='ltr'><strong>longitudini</strong></span> <span class='ocrx_word' id='word_1_176' title='bbox 477 3184 616 3265; x_wconf 89' lang='lat' dir='ltr'><strong>speculi,</strong></span> <span class='ocrx_word' id='word_1_177' title='bbox 638 3183 808 3265; x_wconf 90' lang='lat' dir='ltr'><strong>longitudo</strong></span> <span class='ocrx_word' id='word_1_178' title='bbox 825 3182 943 3264; x_wconf 80' lang='lat' dir='ltr'><strong>&#39;utique</strong></span> <span class='ocrx_word' id='word_1_179' title='bbox 967 3184 1136 3265; x_wconf 89' lang='lat' dir='ltr'><strong>apparebit</strong></span> <span class='ocrx_word' id='word_1_180' title='bbox 1156 3191 1234 3248; x_wconf 90' lang='lat' dir='ltr'><strong>tunc</strong></span> <span class='ocrx_word' id='word_1_181' title='bbox 1254 3203 1324 3248; x_wconf 92' lang='lat' dir='ltr'><strong>mo·</strong></span> 
     </span>
     <span class='ocr_line' id='line_1_25' title="bbox 257 3293 1322 3368; baseline -0.001 -11"><span class='ocrx_word' id='word_1_182' title='bbox 257 3295 390 3368; x_wconf 87' lang='lat' dir='ltr'><strong>derata,</strong></span> <span class='ocrx_word' id='word_1_183' title='bbox 420 3303 452 3357; x_wconf 89' lang='lat' dir='ltr'><strong>et</strong></span> <span class='ocrx_word' id='word_1_184' title='bbox 478 3293 564 3357; x_wconf 91' lang='lat' dir='ltr'><strong>latus</strong></span> <span class='ocrx_word' id='word_1_185' title='bbox 592 3293 768 3357; x_wconf 90' lang='lat' dir='ltr'><strong>sublimius</strong></span> <span class='ocrx_word' id='word_1_186' title='bbox 798 3295 861 3358; x_wconf 90' lang='lat' dir='ltr'><strong>erit</strong></span> <span class='ocrx_word' id='word_1_187' title='bbox 889 3313 1041 3368; x_wconf 90' lang='lat' dir='ltr'><strong>sursum,</strong></span> <span class='ocrx_word' id='word_1_188' title='bbox 1070 3295 1208 3358; x_wconf 82' lang='lat' dir='ltr'><strong>inferius</strong></span> <span class='ocrx_word' id='word_1_189' title='bbox 1231 3295 1322 3358; x_wconf 93' lang='lat' dir='ltr'><strong>deor·</strong></span> 
     </span>
     <span class='ocr_line' id='line_1_26' title="bbox 256 3388 1323 3485; baseline 0.001 -17"><span class='ocrx_word' id='word_1_190' title='bbox 256 3388 351 3481; x_wconf 84' lang='lat' dir='ltr'><strong>surn3</strong></span> <span class='ocrx_word' id='word_1_191' title='bbox 377 3404 515 3468; x_wconf 88' lang='lat' dir='ltr'><strong>latitudo</strong></span> <span class='ocrx_word' id='word_1_192' title='bbox 536 3423 612 3468; x_wconf 88' lang='lat' dir='ltr'><strong>vero</strong></span> <span class='ocrx_word' id='word_1_193' title='bbox 634 3406 764 3479; x_wconf 89' lang='lat' dir='ltr'><strong>minor,</strong></span> <span class='ocrx_word' id='word_1_194' title='bbox 788 3411 820 3468; x_wconf 91' lang='lat' dir='ltr'><strong>et</strong></span> <span class='ocrx_word' id='word_1_195' title='bbox 840 3406 928 3485; x_wconf 88' lang='lat' dir='ltr'><strong>quod</strong></span> <span class='ocrx_word' id='word_1_196' title='bbox 950 3413 999 3468; x_wconf 88' lang='lat' dir='ltr'><strong>est</strong></span> <span class='ocrx_word' id='word_1_197' title='bbox 1022 3422 1041 3467; x_wconf 91' lang='lat' dir='ltr'><strong>a</strong></span> <span class='ocrx_word' id='word_1_198' title='bbox 1063 3405 1205 3480; x_wconf 85' lang='lat' dir='ltr'><strong>dextris,</strong></span> <span class='ocrx_word' id='word_1_199' title='bbox 1228 3423 1323 3485; x_wconf 89' lang='lat' dir='ltr'><strong>appa·</strong></span> 
     </span>
     <span class='ocr_line' id='line_1_27' title="bbox 256 3514 1325 3598; baseline 0.002 -22"><span class='ocrx_word' id='word_1_200' title='bbox 256 3515 342 3579; x_wconf 86' lang='lat' dir='ltr'><strong>rabit</strong></span> <span class='ocrx_word' id='word_1_201' title='bbox 362 3534 382 3579; x_wconf 89' lang='lat' dir='ltr'><strong>a</strong></span> <span class='ocrx_word' id='word_1_202' title='bbox 403 3514 566 3589; x_wconf 89' lang='lat' dir='ltr'><strong>sinistris,</strong></span> <span class='ocrx_word' id='word_1_203' title='bbox 593 3524 625 3579; x_wconf 90' lang='lat' dir='ltr'><strong>et</strong></span> <span class='ocrx_word' id='word_1_204' title='bbox 646 3516 735 3595; x_wconf 89' lang='lat' dir='ltr'><strong>quod</strong></span> <span class='ocrx_word' id='word_1_205' title='bbox 756 3535 776 3598; x_wconf 88' lang='lat' dir='ltr'><strong>a</strong></span> <span class='ocrx_word' id='word_1_206' title='bbox 797 3516 939 3578; x_wconf 90' lang='lat' dir='ltr'><strong>sinistris</strong></span> <span class='ocrx_word' id='word_1_207' title='bbox 961 3535 980 3578; x_wconf 91' lang='lat' dir='ltr'><strong>a</strong></span> <span class='ocrx_word' id='word_1_208' title='bbox 1002 3515 1132 3578; x_wconf 84' lang='lat' dir='ltr'><strong>dextris.</strong></span> <span class='ocrx_word' id='word_1_209' title='bbox 1162 3515 1226 3578; x_wconf 85' lang='lat' dir='ltr'><strong>Sed</strong></span> <span class='ocrx_word' id='word_1_210' title='bbox 1248 3533 1325 3579; x_wconf 86' lang='lat' dir='ltr'><strong>curn</strong></span> 
     </span>
     <span class='ocr_line' id='line_1_28' title="bbox 257 3624 1325 3706; baseline 0.004 -20"><span class='ocrx_word' id='word_1_211' title='bbox 257 3624 395 3689; x_wconf 88' lang='lat' dir='ltr'><strong>latitudo</strong></span> <span class='ocrx_word' id='word_1_212' title='bbox 417 3626 465 3688; x_wconf 92' lang='lat' dir='ltr'><strong>rei</strong></span> <span class='ocrx_word' id='word_1_213' title='bbox 487 3626 645 3688; x_wconf 87' lang='lat' dir='ltr'><strong>videndae</strong></span> <span class='ocrx_word' id='word_1_214' title='bbox 666 3626 765 3689; x_wconf 77' lang='lat' dir='ltr'><strong>fuerit</strong></span> <span class='ocrx_word' id='word_1_215' title='bbox 786 3627 1010 3706; x_wconf 82' lang='lat' dir='ltr'><strong>aequidistans</strong></span> <span class='ocrx_word' id='word_1_216' title='bbox 1036 3624 1233 3706; x_wconf 90' lang='lat' dir='ltr'><strong>longitudini</strong></span> <span class='ocrx_word' id='word_1_217' title='bbox 1256 3643 1325 3706; x_wconf 91' lang='lat' dir='ltr'><strong>spe·</strong></span> 
     </span>
     <span class='ocr_line' id='line_1_29' title="bbox 257 3735 1324 3817; baseline 0.002 -19"><span class='ocrx_word' id='word_1_218' title='bbox 257 3735 339 3812; x_wconf 90' lang='lat' dir='ltr'><strong>culi,</strong></span> <span class='ocrx_word' id='word_1_219' title='bbox 360 3735 498 3799; x_wconf 87' lang='lat' dir='ltr'><strong>latitudo</strong></span> <span class='ocrx_word' id='word_1_220' title='bbox 521 3737 655 3816; x_wconf 87' lang='lat' dir='ltr'><strong>quidem</strong></span> <span class='ocrx_word' id='word_1_221' title='bbox 677 3737 846 3817; x_wconf 90' lang='lat' dir='ltr'><strong>apparebit</strong></span> <span class='ocrx_word' id='word_1_222' title='bbox 866 3738 1044 3811; x_wconf 85' lang='lat' dir='ltr'><strong>moderate,</strong></span> <span class='ocrx_word' id='word_1_223' title='bbox 1066 3744 1098 3800; x_wconf 89' lang='lat' dir='ltr'><strong>et</strong></span> <span class='ocrx_word' id='word_1_224' title='bbox 1111 3754 1224 3800; x_wconf 88' lang='lat' dir='ltr'><strong>rursus</strong></span> <span class='ocrx_word' id='word_1_225' title='bbox 1238 3737 1324 3800; x_wconf 87' lang='lat' dir='ltr'><strong>vide·</strong></span> 
     </span>
     <span class='ocr_line' id='line_1_30' title="bbox 256 3846 1325 3928; baseline -0.001 -18"><span class='ocrx_word' id='word_1_226' title='bbox 256 3848 380 3910; x_wconf 91' lang='lat' dir='ltr'><strong>buntur</strong></span> <span class='ocrx_word' id='word_1_227' title='bbox 401 3865 453 3910; x_wconf 89' lang='lat' dir='ltr'><strong>res</strong></span> <span class='ocrx_word' id='word_1_228' title='bbox 475 3847 603 3911; x_wconf 88' lang='lat' dir='ltr'><strong>dextrae</strong></span> <span class='ocrx_word' id='word_1_229' title='bbox 625 3847 797 3922; x_wconf 87' lang='lat' dir='ltr'><strong>sinistrae,</strong></span> <span class='ocrx_word' id='word_1_230' title='bbox 819 3854 851 3911; x_wconf 91' lang='lat' dir='ltr'><strong>et</strong></span> <span class='ocrx_word' id='word_1_231' title='bbox 872 3848 1025 3911; x_wconf 89' lang='lat' dir='ltr'><strong>sinistrae</strong></span> <span class='ocrx_word' id='word_1_232' title='bbox 1049 3847 1200 3926; x_wconf 83' lang='lat' dir='ltr'><strong>dextrae3</strong></span> <span class='ocrx_word' id='word_1_233' title='bbox 1222 3846 1325 3928; x_wconf 87' lang='lat' dir='ltr'><strong>longi-</strong></span> 
     </span>
     <span class='ocr_line' id='line_1_31' title="bbox 258 3957 1326 4040; baseline 0 -20"><span class='ocrx_word' id='word_1_234' title='bbox 258 3957 343 4020; x_wconf 87' lang='lat' dir='ltr'><strong>tudo.</strong></span> <span class='ocrx_word' id='word_1_235' title='bbox 360 3964 469 4020; x_wconf 90' lang='lat' dir='ltr'><strong>autem</strong></span> <span class='ocrx_word' id='word_1_236' title='bbox 490 3957 654 4022; x_wconf 88' lang='lat' dir='ltr'><strong>videbitur</strong></span> <span class='ocrx_word' id='word_1_237' title='bbox 675 3959 817 4033; x_wconf 90' lang='lat' dir='ltr'><strong>brevior,</strong></span> <span class='ocrx_word' id='word_1_238' title='bbox 839 3965 871 4021; x_wconf 90' lang='lat' dir='ltr'><strong>et</strong></span> <span class='ocrx_word' id='word_1_239' title='bbox 888 3959 977 4039; x_wconf 86' lang='lat' dir='ltr'><strong>quod</strong></span> <span class='ocrx_word' id='word_1_240' title='bbox 992 3975 1141 4035; x_wconf 88' lang='lat' dir='ltr'><strong>sursum,</strong></span> <span class='ocrx_word' id='word_1_241' title='bbox 1157 3958 1326 4040; x_wconf 84' lang='lat' dir='ltr'><strong>apparebit</strong></span> 
     </span>
     <span class='ocr_line' id='line_1_32' title="bbox 259 4069 950 4148; baseline 0.003 -17"><span class='ocrx_word' id='word_1_242' title='bbox 259 4084 406 4143; x_wconf 86' lang='lat' dir='ltr'><strong>sursum,</strong></span> <span class='ocrx_word' id='word_1_243' title='bbox 429 4076 461 4131; x_wconf 91' lang='lat' dir='ltr'><strong>et</strong></span> <span class='ocrx_word' id='word_1_244' title='bbox 482 4069 569 4148; x_wconf 86' lang='lat' dir='ltr'><strong>quod</strong></span> <span class='ocrx_word' id='word_1_245' title='bbox 592 4069 762 4144; x_wconf 92' lang='lat' dir='ltr'><strong>deorsum,</strong></span> <span class='ocrx_word' id='word_1_246' title='bbox 786 4070 950 4133; x_wconf 87' lang='lat' dir='ltr'><strong>deorsum.</strong></span> 
     </span>
    </p>

    <p class='ocr_par' dir='ltr' id='par_1_5' title="bbox 297 4179 1322 4261">
     <span class='ocr_line' id='line_1_33' title="bbox 297 4179 1322 4261; baseline 0.005 -21"><span class='ocrx_word' id='word_1_247' title='bbox 297 4179 338 4241; x_wconf 86' lang='lat' dir='ltr'><strong>ln</strong></span> <span class='ocrx_word' id='word_1_248' title='bbox 359 4179 502 4259; x_wconf 88' lang='lat' dir='ltr'><strong>speculis</strong></span> <span class='ocrx_word' id='word_1_249' title='bbox 519 4196 596 4244; x_wconf 92' lang='lat' dir='ltr'><strong>vero</strong></span> <span class='ocrx_word' id='word_1_250' title='bbox 611 4181 805 4261; x_wconf 88' lang='lat' dir='ltr'><strong>compositis</strong></span> <span class='ocrx_word' id='word_1_251' title='bbox 819 4198 858 4245; x_wconf 84' lang='lat' dir='ltr'><strong>es</strong></span> <span class='ocrx_word' id='word_1_252' title='bbox 872 4181 1072 4247; x_wconf 86' lang='lat' dir='ltr'><strong>concavitate</strong></span> <span class='ocrx_word' id='word_1_253' title='bbox 1085 4188 1117 4245; x_wconf 88' lang='lat' dir='ltr'><strong>et</strong></span> <span class='ocrx_word' id='word_1_254' title='bbox 1131 4180 1322 4259; x_wconf 84' lang='lat' dir='ltr'><strong>directione,</strong></span> 
     </span>
    </p>
   </div>
   <div class='ocr_carea' id='block_1_2' title="bbox 0 0 1644 5364">
    <p class='ocr_par' dir='ltr' id='par_1_6' title="bbox 0 0 1644 5364">
     <span class='ocr_line' id='line_1_34' title="bbox 0 0 1644 5364; baseline 0 0"><span class='ocrx_word' id='word_1_255' title='bbox 0 0 1644 5364; x_wconf 95' lang='lat' dir='ltr'><strong> </strong></span> 
     </span>
    </p>
   </div>
  </div>
 </body>
</html>
