3278 5364
420 858 625 1024 CLAUDII·
652 932 938 1025 Puaucntlu
969 931 1150 1025 mildi

700 1185 878 1236 mmmmm

329 1660 356 1698 ,
576 1607 724 1677 sunno
761 1607 1004 1678 secuntus.

258 1895 437 1992 Optiaaram
465 1893 652 1982 Ptolomaei,
674 1892 754 1967 alim
779 1894 817 1967 dc
838 1915 953 1987 maaca
979 1893 1082 1988 linqua
1098 1893 1132 1966 ia
1148 1894 1324 1989 arabicam,

309 2030 509 2096 aaaanataa
521 2025 560 2095 dc
571 2022 699 2096 arabiae
711 2024 744 2094 ia
759 2022 888 2094 latinam
902 2022 1120 2095 translatanaa
1132 2020 1171 2094 ab
1184 2023 1328 2095 dumam

310 2149 1112 2243 Eaanmosiautaacdaabasccamptacidaapaamm
1123 2150 1328 2237 consumma,

308 2277 389 2348 anda
408 2299 563 2371 praesens
588 2276 751 2348 translatio
773 2276 859 2371 sacta
873 2275 948 2370 stit,
966 2275 1107 2348 caecias
1122 2283 1187 2361 ct·
1205 2276 1330 2370 pumat

311 2378 411 2476 amaa
428 2405 537 2476 Sama
553 2425 615 2476 aaa
633 2412 677 2478 ast
692 2403 843 2477 iactatas.

300 2731 418 2796 Omnia
439 2731 589 2812 quidem,
613 2732 734 2811 quibus
758 2732 879 2814 aliquis
896 2733 1002 2816 possit
1019 2738 1172 2815 coaptare
1187 2749 1237 2809 ea,
1252 2748 1337 2813 quae

257 2848 336 2904 sunt
356 2843 397 2906 de
418 2841 494 2904 visu
520 2847 553 2905 et
577 2841 728 2919 lumine,
753 2848 792 2905 ut
817 2843 883 2907 sibi
909 2844 1178 2920 communicent,
1208 2848 1241 2907 et
1270 2861 1337 2924 qua

261 2951 467 3015 adinvicem
489 2950 737 3028 assimilantur,
768 2958 801 3016 et
829 2972 895 3034 qua
916 2946 1081 3018 'differunt
1101 2953 1136 3015 in
1159 2952 1337 3016 virtutibus

261 3068 294 3123 et
314 3060 464 3139 motibus
483 3078 618 3138 earum,
640 3068 673 3126 et
695 3062 776 3143 quid
796 3062 945 3127 continet
965 3062 1229 3144 unumquodque
1251 3067 1339 3124 utra·

254 3188 337 3237 num
360 3169 400 3234 de
414 3170 523 3251 specie
538 3170 755 3248 differentiae,
771 3179 803 3236 et
819 3172 900 3254 quid
914 3173 1033 3237 accidit
1048 3173 1091 3248 ei,
1105 3170 1339 3255 explicavimus

260 3281 295 3342 in
317 3279 530 3362 praecedenti
551 3298 716 3346 nemone.
824 3283 830 3290 '

303 3392 347 3454 Ea
367 3402 445 3455 vero
468 3407 553 3470 quae
575 3391 710 3472 propria
730 3398 810 3455 sunt
831 3391 984 3455 sensibili
1008 3391 1114 3455 motui
1135 3390 1241 3468 visus,
1264 3408 1341 3456 con·

262 3499 470 3579 gregabimus
486 3501 521 3562 in
539 3500 605 3564 hoc
620 3519 790 3577 sermone,
808 3509 841 3566 et
854 3502 897 3564 iis
913 3502 971 3583 qui
986 3480 1160 3584 deinceps,
1181 3505 1219 3564 ut
1236 3501 1342 3576 decet,

261 3609 449 3673 secundum
467 3609 620 3674 ordinem
635 3615 668 3674 et
682 3611 892 3691 sequentiam
915 3611 1172 3692 sententiarum
1197 3610 1343 3672 dicentes

264 3719 355 3800 prius
378 3719 577 3799 speclaliter‚
599 3737 684 3801 quae
696 3728 782 3783 sunt
792 3737 849 3784 nes
863 3719 1040 3796 videndae,
1052 3727 1085 3783 et
1099 3718 1209 3799 qualis
1221 3725 1274 3782 est
1288 3719 1345 3782 ha·

262 3827 352 3891 bitus
374 3830 410 3891 in
433 3846 634 3910 unaquaque
658 3847 791 3905 earum,
815 3847 891 3893 cum
909 3829 1179 3910 distinctionibus
1195 3829 1265 3892 suis
1280 3829 1344 3911 pri·

267 3939 333 4002 mis
356 3946 389 4002 et
410 3939 623 4016 novissimis,
651 3945 690 4003 ut
711 3945 743 4004 et
764 3939 842 4004 inde
865 3939 1081 4004 manifestum
1110 3938 1168 4002 fiat
1192 3940 1228 4002 id
1255 3939 1346 4022 quod

266 4066 384 4113 sensus
405 4049 482 4130 agit.
1185 4060 1188 4067 ·
1304 4056 1308 4071 “
