3278 5364
1281 535 1341 601 tre

263 643 349 713 situs
372 661 474 725 penes
496 649 657 725 puuctum
682 664 717 720 a,
745 651 914 724 tamquam
937 644 966 708 si
988 652 1132 727 punctus
1153 647 1176 708 b
1199 655 1285 710 esset
1306 647 1341 709 in

212 783 214 788 ·
263 761 391 834 puncto
412 773 451 830 ιω·
474 759 506 818 et
528 754 557 817 si
580 755 791 836 posuerimus
812 756 921 818 visum
942 774 1042 835 super
1064 761 1223 837 punctum
1238 756 1274 831 b,
1288 756 1339 819 vi-

265 865 421 935 debimus
442 870 637 946 punctumz
658 865 694 928 in
717 873 839 947 puncto
853 870 880 946 f,
894 874 927 930 et
941 867 1004 929 erit
1017 866 1124 930 forma
1137 873 1213 931 ante
1228 883 1343 947 specu·

264 973 340 1039 lum·
354 975 567 1041 inter-visum
582 983 616 1040 et
630 975 805 1056 speculum
821 983 954 1058 propter
966 984 1154 1058 praetaxata
1166 977 1340 1062 principia.
1455 1018 1464 1031 ·

264 1086 350 1151 Eine
365 1087 466 1151 stiam
480 1087 601 1151 accidit
614 1088 775 1168 quasdam
792 1088 964 1151 distantias
980 1088 1148 1152 breviores
1162 1087 1234 1152 fieri
1251 1093 1284 1153 et
1295 1089 1343 1151 vi-

261 1198 349 1274 deri,
364 1206 535 1280 emersam
551 1199 580 1263 si
597 1206 708 1263 essent
722 1200 765 1263 ad
780 1200 890 1263 locum
906 1200 1178 1282 propinquiorem
1192 1198 1341 1281 speculo.

265 1344 270 1349 ·
306 1309 374 1377 tiso
395 1311 469 1378 erit.
480 1311 597 1390 utique
612 1309 648 1372 in
661 1311 868 1390 huiusmodi
879 1311 1071 1393 speciebus,
1092 1328 1176 1390 quas
1193 1311 1343 1392 exposui-

262 1438 354 1498 mus·
374 1422 595 1486 reverberatio
609 1422 652 1487 ad
667 1421 824 1503 aequales
843 1422 993 1502 angulos.
1016 1423 1090 1485 Esto
1106 1422 1209 1485 sectio
1225 1420 1341 1485 circuli

262 1534 301 1597 in
322 1534 466 1614 speculo·
480 1551 638 1612 concavo,
660 1541 693 1597 et
707 1534 752 1597 sit
763 1535 829 1614 obp
845 1533 906 1614 (tp.
919 1533 986 1610 tt),
1002 1534 1245 1599 centrum-eius
1259 1537 1295 1611 d,
1310 1542 1343 1598 et

263 1645 477 1727 protrabatur
497 1645 587 1711 linea
602 1647 678 1709 ide.
702 1645 850 1709 Dicimus
865 1663 953 1726 ergo,
968 1647 1058 1727 quod
1074 1645 1168 1709 visus
1184 1654 1217 1710 et
1231 1665 1284 1710 res
1298 1645 1345 1726 vig

257 1753 382 1830 denda
398 1768 480 1819 cum
497 1754 620 1818 diversi
636 1754 772 1830 fuerint,
790 1761 824 1818 et
842 1753 969 1817 fuerint
984 1772 1084 1835 super
1098 1755 1223 1821 lineam
1238 1755 1276 1817 te
1292 1771 1344 1818 re·

255 1870 410 1938 <censet
423 1871 568 1945 punctus
582 1867 607 1933 d.
620 1883 688 1927 non
703 1864 805 1928 tuerit
818 1866 907 1929 inter
920 1882 989 1940 eos,
1006 1882 1072 1929 uon
1081 1864 1128 1927 tit
1142 1864 1341 1931 cernuam

262 1973 480 2041 reverberatio
503 1975 545 2041 ad
567 1974 724 2055 aequales
747 1975 902 2055 angulos,
926 1975 994 2038 sive
1017 1975 1061 2038 sit
1075 1974 1159 2040 alter
1173 1993 1290 2040 eorum
1304 1976 1341 2038 in

263 2091 386 2166 puncto
406 2087 444 2161 d,
465 2085 535 2151 sive
551 2104 630 2151 non.
645 2086 752 2151 Huius
769 2095 880 2151 autem
903 2085 1042 2157 scientia
1058 2085 1166 2151 facilis
1182 2093 1248 2164 est,
1262 2084 1342 2166 quia

262 2194 379 2258 nullus
401 2195 479 2259 inde
502 2197 693 2276 retringitur
714 2193 755 2260 ad
777 2195 934 2276 aequales
957 2194 1232 2276 angulosradius
1248 2197 1342 2261 acir-

262 2305 494 2386 conferentia,
516 2323 602 2386 quae
625 2313 676 2369 est
695 2306 782 2371 iuter
797 2325 818 2371 e
835 2313 867 2371 et
886 2307 920 2382 b,
940 2312 999 2368 aut
1019 2305 1108 2369 iuter
1121 2307 1137 2368 b
1152 2313 1226 2386 etp.
1248 2305 1341 2369 Tunc
1432 2390 1435 2395 ,
1560 2290 1564 2301 ’

261 2416 355 2481 enim
370 2416 458 2501 radii
468 2433 537 2480 non
553 2417 725 2480 continent
738 2423 890 2479 centrum
905 2419 936 2492 d,
951 2434 971 2479 a
984 2422 1108 2497 puncto
1124 2421 1237 2480 autem
1252 2417 1268 2479 b
1282 2434 1340 2497 po-

267 2526 371 2589 tentia
385 2531 514 2589 tontum
529 2526 568 2589 fit
581 2526 814 2602 reverberatio,
826 2526 884 2591 sed
899 2546 968 2589 non
985 2525 1234 2608 actu,prohibet
1249 2527 1340 2589 enim

260 2636 561 2701 reverberationem
584 2635 688 2701 altera
709 2654 822 2699 rerum
845 2637 1040 2718 positarum;
1063 2637 1092 2701 si
1107 2637 1198 2702 enim
1213 2636 1339 2717 opinati

261 2745 427 2811 fuerimus
448 2747 557 2809 visum
579 2763 652 2810 esse
673 2747 947 2828 propinquiorem
963 2747 1115 2831 speculo,
1129 2748 1200 2830 ipse
1216 2747 1340 2827 estqui

260 2855 416 2936 probibet
434 2855 601 2942 visibilem
626 2858 758 2922 radium
781 2859 960 2923 retractum
986 2876 1006 2923 a
1031 2866 1155 2940 puncto
1178 2860 1195 2922 b
1221 2877 1338 2941 perve-

262 2966 377 3031 niendi
399 2967 535 3033 adrem
555 2968 749 3044 ridendam,
772 2987 810 3033 eo
834 2971 924 3050 quod
946 2969 1055 3034 estin
1077 2969 1152 3034 loco
1182 2970 1340 3035 transitus

262 3078 402 3149 radiiat
423 3079 576 3161 probibet
597 3098 690 3158 eum;
713 3081 796 3146 etsi
820 3080 1118 3144 existimaverimus
1139 3098 1210 3144 rem
1227 3080 1342 3144 riden-

261 3191 340 3255 dam
360 3208 432 3259 esse
455 3190 728 3273 propinquiorem
751 3192 898 3273 speculo,
920 3194 992 3273 ipsa
1006 3192 1339 3275 probibetvisibilem

263 3300 395 3366 redium
416 3319 555 3383 prorsus
576 3304 750 3384 pervenire
773 3303 816 3367 ad
836 3311 995 3386 punctum
1011 3305 1044 3379 b,
1064 3321 1103 3367 eo
1120 3304 1210 3384 quod
1225 3321 1278 3368 res
1292 3303 1340 3366 vi·

262 3411 502 3492 denda-posita
522 3419 572 3476 est
594 3414 681 3479 inter
702 3413 811 3488 visum
834 3422 867 3478 et
888 3414 905 3476 t
927 3419 961 3477 et
981 3413 1061 3494 tegit
1082 3429 1171 3478 eum.

288 3523 433 3587 ¹Rursus
455 3530 524 3587 esto
546 3524 692 3588 circulus
714 3526 782 3604 obp
806 3525 873 3605 (fip.
896 3523 976 3601 62),
1003 3524 1099 3589 cuius
1121 3531 1275 3590 centrum
1294 3524 1339 3588 sit

260 3635 294 3710 d,
323 3640 358 3697 et
380 3633 589 3714 producatur
616 3633 706 3700 linea
727 3651 787 3715 oe,
817 3641 851 3700 et
871 3634 1082 3717 protrahatur
1103 3635 1146 3700 ad
1167 3653 1242 3700 eam
1264 3654 1337 3717 per·

261 3744 484 3826 pendicularis
506 3746 588 3822 deb,
610 3753 643 3810 et
663 3745 706 3809 sit
727 3745 1074 3826 circumferentiaobp
1097 3747 1198 3811 sectio
1216 3746 1257 3810 de
1273 3747 1335 3809 cir-

259 3856 341 3921 culo
359 3857 538 3926 constituto
561 3858 596 3920 in
618 3875 761 3921 concavo
783 3857 918 3940 speculo
937 3864 970 3922 et
988 3859 1028 3921 de
1043 3858 1176 3921 duobus
1191 3844 1335 3939 punctis,

260 3968 321 4047 qui
333 3968 377 4031 in
399 3968 673 4048 praecedentibus
696 3967 810 4050 figuris
833 3968 1013 4048 praetaxati
1032 3974 1143 4046 sunt‚.
1160 3965 1244 4031 alter
1265 3967 1340 4047 qui-

256 4080 339 4143 ·dem
359 4085 503 4159 ponatur
524 4080 565 4143 in·
582 4086 706 4162 puncto
722 4100 759 4156 c,
781 4086 814 4145 et
835 4078 918 4144 alter
939 4079 974 4145 in
997 4083 1120 4159 puncto
1143 4097 1168 4142 e.
1190 4077 1339 4143 Dicimus
