3278 5364
1298 529 1335 592 21

261 640 334 704 lum
355 639 528 702 sinistrum
548 639 746 704 videbuntur
765 601 905 722 cylindri
928 640 1047 718 dextri,
1071 647 1103 704 et
1117 656 1175 722 per
1190 640 1339 704 dextrum

263 749 400 814 oculum
423 749 559 812 sinistri.
974 750 977 756 '

303 861 427 923 Rursus
450 859 479 922 si
501 859 710 940 posuerimus
741 865 749 937 t
760 859 811 940 dy.
836 861 875 936 3)
905 867 1064 941 utrosque
1094 877 1169 924 axes
1192 859 1340 941 aequidi-

260 976 395 1046 stentes,
417 976 451 1033 et
471 970 742 1034 constituerimus
764 970 923 1051 regulam,
944 977 983 1033 ut
998 971 1041 1034 sit
1057 969 1282 1052 aequidistans
1298 969 1340 1033 li-

260 1098 344 1144 neae
357 1098 442 1163 qnae
455 1086 505 1144 est
514 1080 600 1143 inter
611 1079 738 1156 oculos,
750 1088 783 1144 et
794 1081 981 1163 cylindrum
995 1080 1107 1145 elbum
1119 1089 1195 1146 ente
1206 1079 1342 1145 oculum

259 1190 433 1295 sinistrum
455 1196 488 1254 et
503 1190 637 1270 nigrum
652 1197 726 1254 ante
742 1191 903 1268 dextrum,
919 1198 952 1256 et
968 1191 1069 1256 inerit
1083 1191 1240 1256 distentis
1254 1190 1342 1256 inter
1438 1256 1443 1266 ,

262 1306 422 1383 utrosque
445 1300 629 1383 cylindros,
650 1307 689 1364 ut
710 1300 769 1365 illa
791 1320 877 1384 quse
899 1309 949 1366 est
970 1303 1057 1368 iuter
1081 1300 1218 1380 oculos,
1248 1303 1342 1367 vide-

260 1411 390 1474 buntur
411 1411 477 1475 duo
499 1411 642 1505 cylindri
663 1418 740 1477 tres.
763 1413 824 1476 Per
841 1413 951 1478 radios
966 1414 1104 1496 quidem
1117 1408 1209 1479 visus
1227 1413 1343 1478 ordine

261 1521 471 1599 consimiles,
492 1521 658 1587 videbitur
673 1524 905 1606 unusquisque
922 1542 1039 1589 eorum
1060 1527 1168 1603 nnus,
1192 1523 1343 1606 quamvis

202 1672 204 1677 «
258 1617 332 1695 non
348 1632 497 1697 incident
518 1650 617 1714 super
635 1652 692 1698 eos
706 1634 839 1717 utrique
856 1650 942 1712 axes,
959 1652 1000 1700 eo
1016 1623 1107 1718 quod
1120 1634 1265 1718 cylindri
1279 1653 1340 1717 po·

266 1743 321 1806 siti
341 1749 420 1806 sunt
441 1744 477 1807 ln
499 1742 669 1809 lateribus.
691 1746 753 1809 Per
773 1745 884 1810 radios
905 1763 995 1823 vero,
1016 1745 1074 1827 qui
1089 1753 1178 1811 extra
1192 1746 1344 1811 ordinem

196 1895 197 1898 =
265 1860 359 1930 sunt,
380 1853 534 1918 videlicet
554 1874 618 1919 cm
640 1861 673 1919 et
695 1855 750 1932 bt,
771 1856 888 1920 tertius
909 1855 1138 1939 cylindrorum
1154 1856 1285 1922 medius
1299 1857 1346 1921 vi·

265 1964 396 2028 debitur
407 1964 613 2047 compositus
629 1984 668 2030 ex
683 1965 813 2030 duobus
832 1955 1007 2043 coloribus.
1024 1968 1058 2031 Si
1073 1984 1150 2047 ergo
1167 1966 1345 2032 texerimus

266 2076 415 2138 dextrum
437 2075 589 2152 oculum,
611 2076 833 2140 abscondetur
848 2077 958 2140 dexter
972 2077 1012 2142 de
1028 2077 1159 2142 duobus
1172 2077 1343 2160 cylindris,

266 2186 324 2266 qui
344 2191 425 2249 snut
446 2204 465 2250 s
478 2185 636 2250 lateribus
651 2186 770 2263 medii,
785 2187 940 2252 videlicet
953 2187 1049 2268 niger
1065 2205 1142 2252 cum
1164 2186 1239 2252 olba
1253 2195 1345 2270 perte

268 2295 369 2360 'medii
391 2295 532 2378 cylindri
555 2314 594 2361 ex
615 2296 746 2361 dnobus
768 2296 933 2362 coloribus
948 2297 1140 2380 compositi3
1163 2304 1196 2362 et
1217 2297 1246 2360 si
1261 2303 1347 2363 texe·

208 2405 210 2409 ’
234 2464 237 2467 .
268 2407 373 2470 rimus
395 2406 569 2470 sinistrum
591 2407 747 2484 oculum,
768 2406 937 2490 cylindrus
959 2407 1065 2486 albus,
1088 2408 1146 2490 qui
1167 2407 1346 2471 asinistris

268 2523 332 2594 est,
354 2518 576 2582 abscondetur
596 2535 673 2582 cum
695 2518 791 2600 nigre
810 2525 901 2602 perte
923 2517 1066 2601 cylindri
1088 2535 1127 2584 ex
1147 2519 1346 2583 duobusne

268 2627 394 2692 loribus
416 2627 603 2710 compositi.

311 2739 392 2803 dum
408 2740 498 2803 enim
514 2738 779 2820 copulaverimus
793 2738 904 2803 radios
919 2737 1020 2816 visus,
1034 2756 1093 2822 per
1108 2737 1185 2804 illos
1197 2739 1345 2821 quidem,

268 2867 367 2932 super
380 2856 573 2932 ‘quos‘sunt
593 2867 668 2925 om,
692 2850 745 2925 tt,
767 2856 801 2915 et
821 2868 890 2914 non
912 2857 992 2914 sunt
1013 2850 1129 2915 ordine
1144 2848 1346 2927 consimiles,

268 2961 464 3026 videbuntur
484 2960 617 3042 utrique
634 2959 778 3042 cylindri
791 2961 828 3023 in
844 2979 914 3024 uno
928 2961 1013 3037 loco,
1027 2960 1086 3026 illo
1101 2937 1265 3039 videlicet,
1280 2978 1349 3042 quo

270 3072 472 3137 conveniunt
493 3071 559 3135 duo
581 3069 725 3150 colores3
747 3071 788 3136 ds
809 3069 948 3154 reliquis
971 3078 1085 3136 sutem
1100 3072 1232 3136 duobus
1245 3070 1348 3135 radiis
1453 3124 1459 3135 .

268 3180 356 3244 risus
377 3181 571 3245 cedentibus
593 3182 718 3263 superi
734 3187 767 3245 et
780 3201 823 3258 m,
841 3199 900 3263 per
917 3182 1067 3247 dextrum
1081 3182 1216 3264 quidem
1232 3198 1348 3246 eorum

270 3292 434 3356 videbitur
450 3286 545 3374 niger
562 3291 740 3373 cylindrus,
754 3310 813 3374 per
827 3292 1001 3356 sinistrum
1016 3299 1129 3357 sutem
1144 3290 1252 3356 albus.
1266 3290 1348 3354 dum

269 3403 369 3483 igitur
390 3403 568 3467 texerimus
591 3402 740 3467 dextrum
762 3403 909 3479 oculum,
933 3402 1155 3467 abscondetur
1167 3402 1273 3483 niger,
1288 3400 1347 3484 qni

269 3514 379 3578 dexter
399 3520 458 3590 est,
481 3530 559 3576 cum
581 3512 658 3577 alba
678 3520 769 3594 parte
791 3512 933 3596 cylindri
955 3512 1144 3596 compositi3
1163 3520 1196 3579 et
1210 3529 1289 3576 cnm
1303 3518 1348 3576 te·

269 3625 415 3688 serimus
437 3623 573 3689 oculum
587 3625 770 3703 sinistrum,
786 3623 1006 3690 abscondetur
1020 3623 1127 3703 albus,
1143 3623 1201 3706 qni
1215 3622 1351 3688 sinister

272 3744 341 3811 est,
372 3753 450 3799 cum
479 3735 576 3817 nigre
604 3741 696 3818 parte
718 3735 861 3818 cylindri
882 3735 1079 3819 compositi,
1105 3735 1194 3817 quod
1217 3734 1351 3799 demon·

270 3836 393 3911 stratur
411 3864 471 3928 per
490 3846 577 3910 hanc
598 3846 741 3928 figuram
765 3846 829 3928 (Μ.
854 3849 901 3924 4).
1126 3842 1129 3847 ’

311 3961 348 4022 st
369 3974 447 4022 eum
469 3958 641 4035 distentis,
666 3975 751 4040 quae
775 3964 824 4021 est
845 3957 934 4022 inter
947 3956 1138 4040 cylindros,
1159 3973 1228 4020 non
1249 3955 1350 4020 inerit

271 4068 421 4152 aequalis
447 4067 499 4133 illi
527 4086 613 4151 quae
640 4075 691 4134 est
714 4067 802 4135 inter
824 4067 960 4145 oculos,
981 4067 1183 4134 ridebuntur
1204 4067 1272 4132 duc
1292 4084 1349 4150 ey·
