3278 5364
346 574 384 637 50

340 685 491 764 passione
512 700 598 763 quae
622 682 738 745 accidit
754 683 790 744 in
808 683 896 758 visu;
918 683 954 744 in
972 682 1256 762 magnitudinibus
1271 683 1404 765 quidem

342 800 375 857 et
402 792 515 874 figuris
544 792 663 857 accidit
684 810 732 856 ex·
745 799 887 873 utraque
909 792 1016 873 specie
1038 793 1227 866 fractionis,
1254 793 1291 855 iu
1313 801 1404 857 motu

342 911 451 967 autem
466 903 586 966 accidit
600 920 639 967 ex
654 901 872 978 revolutione;
891 920 930 966 ex
944 902 1207 966 reverberatione
1223 903 1359 983 quidem
1373 911 1406 966 et

341 1013 489 1087 flexione,
510 1030 595 1092 quae
618 1019 697 1075 suut
710 1013 835 1092 species
851 1011 1030 1086 fractionis,
1045 1011 1163 1075 accidit
1175 1029 1253 1074 oum
1269 1011 1406 1092 specula

341 1130 398 1184 aut
417 1141 480 1197 res,
504 1141 588 1204 quae
609 1123 702 1184 visus
724 1127 881 1202 penetrat,
897 1140 964 1184 nou
979 1121 1105 1185 luerint
1119 1121 1226 1202 plana.
1247 1122 1300 1185 Fit
1315 1121 1405 1185 enim

340 1231 424 1295 illud
441 1250 480 1297 ex
496 1233 653 1296 curvitate
669 1239 702 1295 et
716 1231 915 1295 concavitate
934 1231 1131 1312 superficiei,
1150 1232 1311 1313 quoniam
1327 1248 1405 1296 oum

340 1341 464 1423 anguli,
475 1360 557 1423 quos
570 1343 694 1406 formae
708 1359 819 1406 rerum
832 1341 1044 1415 subtendunt,
1056 1341 1183 1405 fuerint
1194 1341 1338 1406 munros
1349 1348 1405 1405 aut

339 1451 486 1523 minores
507 1452 637 1532 augulis
659 1451 906 1516 continentibus
927 1469 1009 1524 rem,
1026 1468 1111 1531 quae
1126 1469 1203 1515 vere
1217 1452 1357 1527 videtur,
1370 1458 1404 1515 et

341 1561 496 1625 distantia
515 1562 616 1625 fuerit
637 1561 792 1625 distantia
813 1561 877 1635 rei,
900 1579 986 1642 quae
1007 1567 1094 1625 recte
1114 1561 1255 1636 videtur,
1270 1561 1309 1625 fit
1325 1561 1404 1625 inde

338 1671 444 1735 forma
460 1673 509 1737 rei
523 1670 698 1735 maiorvel
712 1671 832 1746 minor,
847 1687 947 1750 quam
958 1688 1036 1732 vera
1049 1671 1215 1750 quantitas
1225 1670 1333 1751 ipsius
1345 1673 1404 1735 rei.

340 1783 422 1847 Item
446 1781 658 1864 particulares
686 1781 787 1856 radii,
816 1781 873 1862 qui
900 1799 1000 1861 penes
1028 1781 1247 1845 formamrei
1272 1782 1402 1862 disgre-

340 1897 475 1974 gautur,
496 1910 574 1956 cum
597 1892 720 1955 fuerint
743 1891 909 1971 longiores
933 1890 1180 1955 velhreviores
1203 1891 1322 1965 radiis,
1344 1893 1405 1973 qui

340 2003 462 2066 cadunt
482 2021 583 2083 super
602 2001 709 2083 ipsam
730 2019 800 2065 rem
821 2018 950 2076 veram,
971 2018 1056 2080 quae
1077 2008 1164 2065 recte
1179 2002 1404 2082 apparetinde
1440 2027 1443 2032 ·

339 2119 471 2193 propter
479 2113 659 2193 praefatam
671 2129 806 2176 causam
869 2111 1009 2191 figuram
1020 2110 1145 2174 formae
1159 2110 1332 2175 dissimilis
1343 2111 1404 2185 illi,

340 2222 437 2287 cuius
458 2231 508 2286 est
527 2224 644 2286 forma.
666 2224 733 2285 Hac
754 2223 854 2286 etiam
875 2222 915 2285 de
937 2239 1038 2285 causa
1058 2227 1167 2284 rectae
1186 2220 1307 2300 lineae,
1320 2236 1404 2300 quaa

340 2339 495 2415 apparent
522 2340 609 2398 retro
637 2350 707 2396 rom
737 2349 838 2412 quam
869 2331 960 2395 visus
989 2337 1154 2411 penetrat,
1182 2349 1260 2395 cum
1288 2348 1402 2412 super·

339 2441 430 2507 ficies
455 2444 560 2524 ipsius
584 2441 633 2506 rei
659 2460 727 2505 nou
754 2441 854 2504 tuerit
874 2440 990 2522 plana,
1011 2447 1168 2522 apparent
1189 2458 1258 2503 nou
1279 2447 1402 2517 rectam

339 2553 450 2618 radius
473 2554 561 2616 enim
582 2553 704 2616 fractus
726 2560 807 2616 tuuc
827 2570 895 2615 non
916 2551 1016 2615 habet
1037 2551 1207 2628 ordinem;
1236 2569 1306 2614 non
1326 2568 1402 2631 ergo

339 2664 434 2726 cadet
459 2681 559 2743 super
583 2679 655 2725 rem
679 2661 857 2725 videndam
882 2679 902 2724 a
927 2668 1050 2742 puncto
1070 2661 1102 2724 ei
1123 2660 1285 2740 opposito,
1305 2661 1403 2724 seda

338 2779 458 2853 puncto
474 2773 620 2836 diversae
635 2771 817 2853 positionis,
835 2779 867 2834 et
883 2770 931 2833 sic
947 2770 1054 2834 forma
1071 2777 1207 2852 apparet
1221 2789 1291 2833 nou
1304 2778 1400 2845 recta

337 2881 416 2945 lieet
436 2882 485 2944 sit
500 2887 600 2945 recta,
625 2883 752 2944 Rursus
777 2897 854 2943 oum
881 2880 980 2944 fuerit
1005 2898 1074 2954 res,
1101 2898 1204 2960 quam
1227 2882 1322 2943 visus
1342 2898 1398 2962 pc-

338 2998 461 3066 uenat,
481 2990 596 3071 plana,
616 2998 650 3054 et
670 2989 755 3053 illud
776 2991 864 3070 quod
885 2991 920 3052 in
944 3008 984 3062 ea
1004 2989 1146 3063 videtur,
1168 2996 1400 3071 rectum-pars

338 3119 472 3183 quoque
498 3101 648 3164 eiusdem
675 3101 724 3163 rei
752 3100 908 3164 videndae
929 3099 1029 3164 luerit
1049 3106 1156 3174 extra,
1177 3100 1265 3163 siout
1284 3100 1400 3164 occidit

337 3213 372 3274 iu
395 3211 511 3287 remis,
535 3212 572 3273 fit
597 3202 810 3291 imaginatio,
838 3210 927 3290 quod
954 3211 1026 3290 ipsa
1050 3228 1104 3273 res
1132 3210 1175 3272 sit
1198 3211 1322 3294 tracta3
1347 3228 1397 3274 ex·

337 3324 437 3386 terior
459 3322 547 3385 enim
569 3338 643 3402 pars
664 3321 794 3384 videtur
815 3321 849 3383 iu
872 3320 945 3385 loco
967 3339 1028 3383 suo
1050 3338 1140 3396 vere;
1154 3320 1299 3384 interior
1314 3338 1399 3393 vero,

336 3449 420 3511 quae
446 3438 496 3495 est
518 3411 730 3511 incorpore,
759 3431 848 3512 quod
876 3431 967 3493 visus
989 3437 1151 3511 penetrat,
1172 3429 1209 3492 in
1231 3429 1306 3494 loco
1319 3415 1397 3512 'pro-

336 3541 503 3621 pinquiori
525 3539 729 3622 superficiei,
751 3541 791 3604 de
813 3558 878 3620 qua
900 3541 937 3604 lit
957 3540 1064 3603 flexio.
1083 3540 1155 3604 Non
1173 3558 1251 3619 ergo
1266 3548 1398 3622 appare·

242 3708 249 3715 .
334 3652 419 3712 hunt
440 3650 622 3729 praedictae
645 3656 804 3730 utraeque
826 3657 930 3730 partes
953 3650 1000 3713 rei
1023 3650 1183 3731 videndae
1198 3657 1306 3714 motae
1320 3668 1396 3714 con·

335 3761 441 3834 tinue,
464 3761 522 3822 sed
544 3777 596 3822 res
617 3759 781 3822 videbitur
802 3761 916 3824 fracta.

374 3869 581 3934 Particularis
602 3877 712 3932 autem
735 3871 892 3933 contiuua
913 3870 1073 3933 revolutio
1096 3870 1234 3933 visibilis
1256 3871 1342 3934 radii
1359 3889 1395 3932 o·

336 3981 459 4043 stendit
476 3999 546 4043 rem
564 3980 754 4056 videndam,
772 3989 940 4061 tamquam
957 3980 984 4042 si
1001 3988 1198 4056 moveretur,
1214 3982 1271 4043 sed
1285 3979 1396 4042 huius-

335 4090 424 4152 modi
447 4090 609 4154 vacillatio
631 4091 713 4154 iorte
738 4090 774 4152 fn
796 4092 830 4154 in
853 4091 1013 4171 principio
1037 4091 1141 4166 visua,
1165 4097 1200 4153 ut
1222 4091 1344 4155 eccidit
1362 4089 1394 4151 in
