3278 5364
1294 561 1332 621 73

259 671 349 752 quod
370 669 524 750 proprius
558 670 625 731 axis
655 669 841 742 radiorum,
876 669 997 747 quibus
1021 668 1137 748 aspicit
1159 667 1276 731 oculus
1299 688 1332 740 a,

260 786 310 843 εει
330 780 396 854 ab,
418 786 450 842 ει
469 778 627 841 distantia
649 779 720 841 eius
743 795 820 843 cum
843 779 987 840 sumitur
1004 796 1105 858 super
1120 777 1335 858 perpendicu-

258 889 374 964 larem,
390 905 476 968 quae
491 888 578 953 cadit
592 889 861 967 superexequ
876 905 1099 961 communem,
1115 893 1165 950 eet
1181 889 1233 959 bt,
1248 904 1334 967 quae
1394 887 1397 892 '

258 1005 312 1062 εει
330 1002 369 1061 ιιι
388 997 479 1062 linea
503 997 555 1072 tia·
576 995 670 1061 locus
692 1015 768 1077 ergo
790 1015 857 1077 quo
880 1004 1022 1077 punctus
1045 997 1251 1070 tridebitur,
1272 995 1335 1057 erit

258 1107 440 1188 punctmc.
450 1106 609 1171 Similiter
619 1106 720 1169 etiam
730 1107 1011 1169 demonstrabitur
1022 1106 1113 1185 quod
1124 1105 1205 1167 haec
1217 1105 1332 1168 cadem

259 1216 473 1296 contingunt,
489 1215 526 1279 -ai
550 1215 873 1297 aspexerimus'oum
895 1214 992 1277 oculo
1008 1215 1034 1275 b.
1057 1215 1140 1277 Item
1162 1213 1335 1276 siluerint

260 1325 347 1392 duae
368 1343 421 1391 ree
443 1325 570 1406 poeitae
589 1325 725 1404 superb
741 1333 773 1387 et
786 1323 815 1398 lc,
830 1331 862 1387 et
878 1325 978 1387 fuerit
994 1341 1216 1403 unaquaeque
1232 1341 1270 1384 ex
1285 1323 1334 1394 lb,

261 1435 320 1497 am
336 1434 423 1499 sicut
436 1451 657 1515 unaquaeque
674 1453 712 1499 ex
727 1435 782 1507 ht,
799 1433 848 1507 ra,
864 1451 917 1497 res
932 1434 1067 1513 quidem
1080 1434 1299 1511 positasuper
1315 1431 1336 1491 b

260 1540 429 1625 apparebit
450 1543 650 1624 superduco
668 1549 807 1623 punctos
822 1552 849 1618 t,
865 1545 890 1617 ι,
910 1551 943 1605 ει
958 1543 1128 1622 apparebit
1142 1542 1229 1605 visui
1243 1560 1263 1602 o
1278 1558 1337 1621 per

256 1653 392 1717 radium
410 1655 459 1719 ab
475 1669 576 1732 super
590 1657 751 1732 punctum
763 1660 788 1725 t,
800 1653 960 1732 quoniam
976 1651 1128 1714 distantia
1141 1651 1211 1713 cius
1232 1657 1281 1713 ost
1294 1650 1335 1712 tlt

259 1760 556 1842 perpendicularirr3
577 1761 663 1823 visui
678 1767 790 1824 autem
804 1761 821 1821 t
836 1760 1005 1840 apparebit
1016 1777 1118 1840 super
1131 1766 1292 1838 punctum
1307 1761 1334 1832 l,

260 1869 599 1952 quoniamdistantia
625 1869 698 1935 eius
727 1877 776 1933 εει
797 1869 835 1933 tlt
856 1868 1153 1950 perpendicularis,
1176 1886 1261 1947 quae
1284 1873 1336 1933 εει

260 1980 350 2043 inter
370 1997 549 2043 comunem
570 1997 664 2043 axem
679 1985 711 2043 et
725 1996 817 2043 axem
840 1979 898 2052 lot,
921 1977 979 2057 qui
995 1983 1044 2041 est
1058 1977 1222 2057 proprius,
1238 1982 1271 2039 et
1285 1985 1335 2039 ost

260 2086 409 2170 aequalia
431 2089 469 2150 bl
490 2094 523 2151 et
544 2088 585 2150 ad
606 2093 732 2167 partem
753 2105 863 2161 suam,
880 2093 914 2151 ct
927 2087 1009 2151 haec
1022 2093 1073 2150 εει
1087 2084 1244 2149 distantia
1257 2085 1336 2159 loci,

260 2199 296 2261 in
319 2215 386 2278 quo
407 2203 543 2277 apparet
567 2205 710 2276 punctus
733 2197 754 2257 ι
785 2196 911 2261 visuib
945 2201 1075 2261 acerto
1098 2194 1172 2261 loco
1194 2213 1277 2271 suo;
1302 2203 1336 2257 et

260 2305 585 2387 praetermeantem
599 2305 661 2368 erit
671 2303 766 2368 locus
777 2304 993 2385 apparitionis
1006 2303 1054 2367 rei
1066 2303 1191 2385 positae
1203 2292 1335 2383 ,superi
1417 2292 1420 2298 ’

261 2432 364 2496 penos
380 2407 541 2495 pubctum
555 2423 567 2475 t
588 2419 622 2479 ct
635 2431 737 2493 penes
752 2421 913 2494 punctum
927 2433 970 2477 m.
993 2414 1062 2476 Hoc
1076 2421 1188 2477 autom
1202 2430 1336 2475 concor·

262 2525 319 2591 dat
339 2522 593 2616 uniuersalitati,
616 2540 717 2602 quam
738 2522 1043 2586 determinavimus.
1064 2522 1271 2585 Manifestum
1286 2527 1336 2584 est
1438 2594 1442 2603 ‚

253 2650 353 2712 (tergo,
375 2633 466 2713 quod
486 2631 572 2699 illud
594 2633 683 2713 quod
705 2638 839 2712 apparet
853 2631 888 2694 in
903 2631 1035 2712 proprio
1054 2610 1127 2694 loco
1145 2649 1219 2704 auo,
1235 2636 1285 2693 est
1301 2629 1337 2691 id

261 2743 353 2823 quod
377 2741 522 2823 positum
544 2748 596 2806 εει
617 2760 717 2822 super
738 2740 851 2805 locum
872 2741 1118 2805 coniunctionis
1147 2740 1336 2805 communis

259 2848 341 2926 'axia
353 2858 387 2916 ot
397 2852 465 2915 axia
479 2851 720 2931 propriiradiis
735 2852 930 2915 cadentibus
945 2870 1046 2933 super
1060 2870 1132 2915 rem
1145 2851 1334 2923 videndam,

262 2966 320 3025 aut
338 2959 430 3041 quod
450 2953 502 3024 εεί
521 2960 668 3041 positum
689 2958 790 3041 super
811 2959 1129 3040 perpendicularem,
1145 2977 1230 3040 quae
1247 2958 1339 3023 cadit,

262 3085 363 3150 super
389 3086 604 3133 communem
624 3087 747 3159 axem,
775 3069 811 3132 in
833 3070 906 3134 loco
928 3070 964 3133 in
986 3087 1053 3151 quo
1076 3069 1185 3146 obviat
1205 3068 1336 3149 proprio
1423 3060 1425 3063 ’

263 3179 316 3243 axi
336 3179 513 3259 praedicto.
824 3250 828 3257 ,

302 3287 393 3360 Quae
421 3286 519 3352 aliter
547 3294 658 3351 autem
686 3293 765 3350 sunt
793 3305 893 3368 quam
922 3287 1175 3367 explicavimus,
1198 3303 1266 3349 non
1288 3285 1335 3346 vi·

263 3398 384 3483 dentur
403 3399 440 3461 in
462 3398 605 3479 propriis
626 3398 709 3462 locis
731 3396 825 3473 suis,
852 3415 891 3460 ac
912 3397 943 3459 ei
964 3404 1077 3461 essent
1097 3395 1278 3465 concordes
1299 3397 1336 3459 in

263 3506 389 3587 specim
404 3512 532 3587 oportet
548 3507 638 3571 enim
650 3507 715 3572 hoc
727 3506 800 3571 fleri
810 3508 995 3571 secundum
1006 3506 1241 3580 diversitatem,
1252 3523 1338 3586 quae

262 3622 321 3679 εει
333 3616 423 3681 inter
448 3634 523 3679 exea
548 3616 586 3679 in
612 3617 785 3692 distantia,
812 3617 882 3680 eive
904 3634 981 3679 cum
1004 3617 1135 3681 duobus
1157 3615 1263 3679 oculis
1285 3615 1336 3677 in·

262 3723 364 3791 simul
390 3726 613 3805 aspexerimus
641 3744 694 3790 res
719 3727 893 3801 videndae,
922 3726 990 3790 eive
1018 3743 1096 3789 curn
1118 3725 1237 3789 altero.
1254 3724 1337 3795 Quo·

263 3833 355 3898 niam
369 3834 409 3896 de
423 3835 523 3897 rebus
538 3853 623 3914 quae
642 3842 802 3915 apparent
819 3835 947 3908 sensui,
960 3852 1038 3898 cum
1054 3849 1123 3897 una
1140 3851 1193 3897 rea
1210 3833 1337 3895 videtur

263 3941 300 4002 in
310 3941 439 4005 duobus
448 3941 542 4019 locis,
553 3944 579 4005 si
590 3944 728 4024 quidem
736 3944 915 4006 texerimus
927 3943 1067 4007 alterum
1076 3942 1262 4016 oculorum,
1272 3941 1338 4005 for·
1375 4015 1379 4024 .

263 4067 320 4116 ma
336 4069 421 4132 quae
440 4057 590 4120 remanet
606 4058 680 4133 poet
695 4052 832 4116 alteram
848 4070 933 4133 quac
949 4052 1173 4127 absconditur,
1187 4057 1337 4116 remanet
