3278 5364
1284 499 1324 564 43

259 609 296 671 in
322 607 512 691 aequalibus
534 610 752 694 temporibus,
774 618 938 693 apparent
958 610 1153 691 velociores;
1182 628 1325 693 quarum

260 718 351 783 enim
366 719 518 785 diametri
532 728 609 785 sunt
622 719 785 802 aequales,
797 719 874 786 illae
890 738 975 803 quae
985 721 1236 805 propinquiores
1247 728 1325 787 sunt

259 828 356 906 visui,
370 831 572 896 subtendunt
586 831 745 896 maiorem
760 830 928 913 angulum,
942 831 1089 914 quamvis
1105 831 1249 897 habeant
1262 832 1324 897 mi·

258 957 378 1005 norem
390 940 617 1023 quantitatem,
626 949 662 1005 ut
673 959 790 1023 parvae
803 958 901 1007 naves
914 948 947 1006 et
957 960 1074 1023 parvae
1085 943 1231 1023 sagittae,
1241 961 1325 1025 quae

257 1057 432 1116 moventur
448 1070 523 1116 eum
540 1053 736 1131 maioribus;
757 1059 915 1135 apparent
931 1053 1021 1117 enim
1038 1052 1225 1119 velociores.
1242 1053 1324 1117 Cum
1368 1066 1371 1071 ·

257 1160 348 1225 enim
366 1162 433 1227 alio
452 1164 551 1229 modo
570 1163 796 1229 existimentur
814 1182 877 1240 res,
893 1182 978 1246 quae
991 1183 1050 1248 per
1061 1163 1175 1246 plures
1186 1165 1273 1229 vices
1288 1165 1325 1229 in

258 1274 460 1355 temporibus
483 1275 674 1357 aequalibus
692 1281 866 1340 moventur
877 1275 914 1340 in
928 1275 1109 1341 maioribus
1126 1275 1206 1340 loeis
1225 1293 1325 1357 quam

259 1384 341 1462 suis,
354 1384 430 1468 plus
447 1386 570 1450 moveri
589 1404 690 1469 quarn
703 1385 780 1453 illae
795 1404 878 1469 quae
893 1392 1066 1453 moventur
1080 1387 1117 1452 in
1131 1385 1225 1465 loris,
1241 1404 1324 1469 quae

257 1495 328 1559 suis
350 1503 427 1561 sunt
447 1497 608 1579 aequalia,
629 1515 679 1562 res
702 1496 792 1562 enim
809 1515 908 1585 parva
922 1504 1091 1562 mensurat
1105 1497 1261 1579 aequales
1276 1498 1325 1562 di-

259 1607 395 1687 stantias
417 1606 567 1691 pluribus
588 1606 726 1684 viribus,
749 1626 849 1691 quam
867 1627 987 1691 magna
1003 1608 1173 1689 contingit,
1192 1608 1325 1691 quando

257 1736 311 1783 res
338 1718 563 1798 magnitudine
592 1717 783 1800 inaequales
804 1727 979 1785 moventur
1000 1719 1131 1805 aequali
1151 1718 1322 1784 uelocitate

259 1829 295 1893 in
318 1827 486 1911 aliquibus
507 1830 671 1894 distantiis
694 1838 849 1914 apparent
869 1831 1014 1896 minores
1031 1829 1156 1895 moveri
1174 1829 1324 1912 pluribus

257 1938 409 2021 vicibus;
436 1947 515 2005 tune
544 1959 621 2022 ergo
654 1941 732 2023 quia
761 1960 812 2006 res
839 1942 955 2006 transit
987 1941 1196 2018 distantiam,
1226 1957 1327 2023 super

258 2068 359 2132 quam
388 2051 476 2115 visus
505 2052 541 2116 in
571 2052 773 2133 temporibus
803 2050 995 2135 aequalibus
1021 2052 1109 2128 eadit
1129 2035 1188 2133 per
1214 2049 1323 2135 plures

257 2162 363 2239 vises,
385 2181 485 2245 quam
505 2180 605 2247 super
624 2162 735 2240 illam,
758 2180 842 2245 quae
864 2161 1052 2229 estsimilis
1073 2162 1324 2244 magnitudinis,

259 2272 388 2357 videtur
408 2273 561 2340 velocior.

302 2384 426 2451 Debent
451 2384 553 2467 igitur
579 2383 642 2449 hae
671 2383 891 2450 dubitationes
919 2393 952 2450 et
979 2385 1028 2449 eis
1048 2383 1201 2483 similes¹
1220 2392 1258 2449 ut
1277 2384 1325 2449 di-

259 2495 377 2572 ximus,
398 2496 478 2579 poni
498 2496 586 2560 inira
606 2495 776 2578 passiones
799 2503 831 2560 et
852 2494 1033 2561 assidentia
1050 2493 1224 2572 naturalia,
1240 2513 1324 2576 quae

262 2607 415 2673 aooidunt
438 2607 561 2672 visibili
588 2607 722 2686 sensui;
749 2607 785 2670 in
812 2605 866 2671 his
889 2606 1001 2683 enim,
1022 2625 1081 2690 per
1103 2624 1186 2688 quae
1207 2607 1325 2671 veritas

260 2718 475 2795 discernitur,
504 2719 541 2782 tlt
561 2716 711 2793 iallaoia,
734 2734 818 2799 quae
843 2717 1005 2799 contingit
1026 2734 1065 2783 ex
1086 2717 1326 2782 diversitatibus

263 2847 347 2911 quae
368 2829 453 2909 fiunt
477 2828 515 2895 de
536 2829 616 2911 ipsis
637 2830 735 2894 rebus
757 2828 921 2893 subiectis.
946 2827 1091 2904 Quorum
1110 2825 1224 2893 autem
1245 2827 1327 2892 haee

261 2958 328 3021 non
358 2946 409 3005 esi
437 2958 556 3016 eausa,
584 2940 643 3004 sed
668 2939 767 3004 salsis
795 2938 1046 3022 proprietatibus
1073 2958 1187 3004 rerum
1216 2938 1347 3007 subis.

260 3058 399 3127 starum,
421 3051 458 3114 fit
479 3051 556 3116 inde
572 3051 735 3133 quaedam
748 3049 950 3132 imaginatio,
965 3047 1003 3114 et
1015 3067 1132 3114 sensus
1146 3069 1214 3114 non
1230 3067 1325 3114 oom-

260 3160 436 3243 prehendit
455 3180 509 3226 res
529 3162 684 3227 videndas
706 3162 797 3225 iuxta
816 3161 978 3225 rationem
1001 3166 1032 3225 et
1052 3166 1206 3225 naturam
1220 3177 1326 3238 suam,

260 3272 319 3337 sed
341 3280 390 3336 est
417 3271 452 3335 in
480 3273 528 3338 eis
556 3271 658 3337 altera
685 3271 793 3354 passio
820 3271 872 3335 rel
900 3270 1073 3347 arridens,
1104 3287 1169 3351 quo
1196 3268 1327 3335 iallaeie

259 3382 333 3462 fiat3
355 3401 454 3449 eausa
474 3390 523 3447 est
543 3382 674 3449 fallacia
693 3382 797 3466 ipsius
819 3381 919 3458 visus,
941 3388 974 3447 et
996 3380 1154 3445 debemus
1176 3399 1252 3445 eam
1275 3399 1327 3447 re·

261 3493 344 3558 ferre
373 3493 535 3578 praesenti
563 3492 707 3576 capitulo
735 3501 768 3558 et
794 3494 872 3558 inde
900 3490 1010 3574 loqui,
1033 3491 1215 3558 dividentes
1235 3492 1327 3577 prius
1415 3579 1419 3587 ἱ

262 3611 295 3669 et
322 3604 489 3682 dieentes,
517 3605 606 3688 quod
635 3624 771 3683 rerum,
800 3623 837 3669 ex
865 3604 984 3687 quibus
1006 3604 1045 3667 fit
1064 3601 1217 3681 lallaeia,
1243 3603 1326 3668 aliae

262 3716 415 3780 accidunt
435 3715 519 3780 visui
542 3694 579 3780 ex
600 3715 681 3800 ipsis
707 3717 805 3781 rebus
831 3714 998 3790 videndis,
1016 3721 1053 3785 ‚el
1074 3713 1158 3803 aliae
1184 3714 1326 3779 aliunde.

262 3823 403 3890 Fallacia
430 3827 551 3908 igitur,
580 3844 664 3909 quae
686 3826 723 3889 iit
744 3844 783 3890 ex
803 3845 840 3890 re
860 3826 1022 3902 videnda,
1044 3825 1162 3889 accidit
1182 3824 1218 3897 in
1239 3823 1327 3888 rolo-

262 3936 353 4001 ribus
375 3938 510 4019 quidem
531 3956 570 4002 ex
591 3944 666 4002 actu
687 3934 821 4002 alterius
842 3936 891 4001 rei
911 3943 1133 4020 praeternam
1153 3933 1327 3999 videndam

260 4054 398 4140 antam.
421 4048 459 4115 In
482 4049 637 4115 omnibus
658 4055 770 4116 autem
791 4047 928 4131 reliquis
949 4048 1048 4115 rebus
1069 4046 1220 4121 videndis
1235 4044 1274 4110 nt
1288 4063 1327 4131 en
