3278 5364
320 528 380 592 108

320 646 371 702 oet
385 639 413 701 si
427 635 584 720 possibile
601 643 660 713 est,
672 636 893 717 refringantur
903 636 939 699 in
951 634 1054 700 simili
1065 636 1248 718 praedictae
1260 634 1383 717 lignem

318 750 485 813 duo-radii
502 768 588 828 σωκ,
605 767 675 825 eos,
693 756 725 813 et
741 748 965 829 producantur
979 746 1086 811 lineae
1100 747 1142 812 ad
1155 754 1298 829 punctos
1312 764 1344 822 s,
1359 747 1383 823 l,
1399 780 1405 787 ·

317 864 342 940 f,
356 880 393 935 a,
416 866 449 925 et
462 859 659 942 copulentur
671 859 778 923 lineae
799 861 856 939 do,
877 861 951 935 dm,
972 858 1081 941 sitque
1098 840 1321 924 reverberatio
1344 858 1383 923 ed

318 970 475 1051 aequales
497 970 645 1051 angulos.
669 970 751 1044 Quia
766 988 843 1050 ergo
860 971 906 1033 ἀι
927 975 976 1033 eet
993 969 1100 1037 maior
1113 986 1215 1050 quam
1229 971 1283 1045 ed,
1298 967 1385 1034 liner

319 1100 403 1163 quae
416 1099 474 1163 per
487 1078 635 1145 medium
652 1081 768 1145 dividit
781 1080 941 1160 angulum
953 1082 1016 1145 eda
1030 1079 1155 1145 secabit
1167 1098 1205 1145 cz
1218 1079 1306 1144 inter
1315 1080 1384 1155 eds

318 1194 385 1256 Erit
406 1210 482 1272 ergo
513 1197 644 1272 propter
669 1191 733 1255 hoc
764 1191 905 1272 angulus
926 1194 988 1285 edo
1010 1191 1116 1257 multo
1137 1191 1245 1256 maior
1265 1189 1384 1273 augerio

317 1306 401 1397 ado,
424 1311 457 1366 et
478 1303 553 1367 ideo
576 1310 609 1366 et
635 1303 713 1383 quia
744 1303 884 1385 angulus
904 1306 970 1367 eod
995 1304 1122 1385 positus
1147 1308 1198 1367 eet
1216 1301 1307 1367 siout
1325 1319 1385 1367 an·

319 1413 416 1496 gulus
435 1417 503 1478 zod
524 1419 656 1497 propter
675 1415 990 1491 reverberationem,
1012 1415 1075 1479 erit
1095 1413 1187 1495 quod
1203 1400 1244 1478 ex
1255 1413 1385 1479 duobus

318 1525 449 1605 angulis
469 1527 547 1604 cdo,
569 1529 646 1601 eod,
664 1526 753 1606 quod
769 1531 819 1590 eet
833 1525 918 1590 siout
933 1524 1075 1606 angrdus
1088 1524 1270 1606 desmeiue
1284 1540 1385 1607 qrmm

317 1637 353 1701 id
375 1637 465 1718 quod
486 1654 525 1701 ex
546 1637 675 1701 duobus
696 1638 825 1718 angulis
846 1640 925 1715 zdo,
945 1639 1030 1714 rod,
1052 1637 1142 1719 quod
1162 1636 1315 1703 estsiout
1328 1653 1384 1701 an·

318 1747 417 1828 gulus
436 1750 512 1823 dzs,
536 1749 594 1812 sed
608 1747 748 1829 angulus
762 1751 823 1829 def
840 1754 889 1812 est
903 1754 1037 1825 acutus,
1060 1747 1202 1829 angerius
1216 1764 1297 1828 ergo
1316 1748 1385 1827 dap

318 1876 434 1923 rursus
457 1860 519 1923 erit
539 1865 667 1922 acutus.
690 1859 770 1923 Cum
793 1864 906 1923 autem
927 1859 1176 1941 produxerimus
1193 1875 1214 1923 a
1233 1858 1386 1923 oentrod

318 1969 623 2053 perpendicularem
644 1960 689 2053 dp
717 1990 817 2052 super
836 1973 909 2036 mal
937 1978 971 2036 et
996 1969 1304 2053 perpendicularem
1323 1971 1387 2035 dor

318 2100 418 2164 super
431 2102 491 2146 ozr
512 2089 679 2153 secantem
692 2086 741 2146 ml
762 2084 797 2146 in
811 2102 842 2158 c,
861 2082 925 2146 erit
937 2088 1069 2163 propter
1082 2081 1315 2146 rectitudinem
1329 2098 1384 2145 m·

319 2193 388 2274 guli
401 2214 419 2274 p
430 2194 519 2258 linea
532 2197 553 2258 d
559 2213 573 2256 c
587 2195 808 2274 maiorquam
821 2197 883 2274 dp,
898 2200 931 2258 et
944 2193 1007 2257 erit
1016 2193 1093 2258 inde
1107 2194 1152 2256 dr
1163 2191 1271 2257 millio
1280 2191 1386 2257 maior

319 2322 420 2384 quam
441 2307 502 2385 dp,-
524 2305 587 2368 erit
597 2305 698 2384 igitur
715 2304 857 2384 angulus
878 2322 975 2379 amc,
997 2304 1057 2384 qui
1079 2309 1129 2367 cst
1144 2304 1231 2368 sicut
1246 2301 1385 2385 angulus

319 2417 404 2492 ome,
424 2416 531 2480 maior
551 2433 650 2498 quem
672 2416 812 2495 angulus
831 2433 911 2490 roo,
933 2415 992 2497 qui
1013 2421 1063 2478 est
1078 2414 1204 2496 positus
1224 2415 1311 2479 sicut
1332 2432 1385 2479 en·

319 2526 416 2608 gulus
426 2528 496 2591 coi.
509 2527 639 2609 Oportet
654 2545 728 2608 crgo
744 2533 876 2609 propter
889 2527 962 2607 hoc,
974 2532 1012 2589 ut
1024 2544 1101 2589 men
1114 2527 1159 2589 sit
1170 2525 1386 2610 propinquior-

318 2646 429 2703 centro
451 2641 471 2713 d
492 2657 592 2720 quam
613 2643 681 2719 ces,
704 2640 794 2720 quod
815 2638 937 2703 falsum
959 2645 1020 2717 est3
1042 2637 1184 2719 angulus
1205 2637 1385 2701 enimdeo

320 2757 370 2813 est
391 2758 518 2815 acutus.
539 2751 610 2814 Non
632 2768 708 2830 ergo
731 2749 956 2832 refringuntur
975 2749 1061 2814 radii
1080 2768 1155 2828 soe,
1168 2767 1243 2816 emo
1263 2748 1307 2813 ed
1326 2765 1384 2813 aa·

318 2861 433 2942 quales
455 2861 604 2942 angulos.

360 2973 443 3035 Item
465 2972 510 3036 sit
530 2970 674 3036 circulus
695 2974 764 3052 obp
787 2971 859 3053 (pp.
881 2971 965 3050 539,
994 2973 1088 3047 cuius
1110 2977 1261 3037 centrum
1282 2966 1327 3035 eit
1345 2972 1384 3044 d,

319 3091 352 3148 et
371 3082 581 3170 protrahatur
601 3083 690 3147 linea
712 3085 768 3159 td,
791 3090 824 3147 et
846 3072 1045 3164 producatur
1065 3083 1154 3147 linea
1169 3098 1288 3149 secans
1310 3100 1385 3147 cem

319 3196 360 3259 ad
387 3201 492 3259 rectos
519 3192 672 3275 angulos,
700 3201 732 3258 et
759 3195 802 3259 sit
822 3212 897 3274 asp,
926 3177 1035 3276 sitque
1057 3194 1160 3258 sectio
1181 3191 1301 3257 circuli
1320 3194 1384 3273 obp

319 3306 354 3367 in
376 3323 517 3369 concavo
540 3305 674 3386 speculo
696 3305 817 3387 posite,
839 3311 872 3371 et
893 3311 1035 3386 ponatur
1055 3303 1289 3386 unusquisque
1307 3305 1386 3369 duo·-
1433 3364 1436 3373 .

319 3433 394 3479 rum
421 3422 619 3498 punctorum
647 3416 832 3480 secundum
853 3415 1085 3480 rectitudinem
1105 3413 1215 3480 lineae
1236 3420 1386 3495 opten-

317 3535 390 3590 tum
411 3526 493 3592 alter
514 3545 630 3592 eorum
651 3546 719 3592 non
741 3528 784 3591 sit
803 3527 891 3591 inira
911 3526 1084 3591 circulum.
1116 3526 1264 3591 Dicimus
1285 3543 1383 3607 ergo,

318 3638 409 3720 quod
429 3638 564 3702 nonnisi
586 3656 673 3703 unus
695 3639 807 3703 radius
829 3639 1020 3720 refringitur
1040 3638 1126 3704 iuter
1138 3654 1195 3704 eos
1209 3637 1253 3703 ad
1266 3654 1385 3720 aeques

292 3822 297 3832 ¹
318 3750 367 3813 les
382 3750 519 3831 angulos
535 3768 555 3812 a
570 3728 833 3815 circumferentia
850 3752 924 3830 obp.
941 3749 1111 3832 Siquidem
1125 3749 1282 3813 dicunda
1298 3747 1386 3841 ipso.-

318 3879 393 3924 rum
414 3869 613 3943 punctorum
635 3879 654 3925 a
674 3870 797 3943 puncto
818 3881 835 3928 ι
854 3863 954 3925 luerit
975 3860 1143 3943 aequalis,
1164 3859 1385 3925 reverberatio

318 3973 433 4053 utique
455 3972 493 4035 fit
513 3989 552 4036 ex
572 3991 639 4036 uno
662 3980 783 4055 puncto
805 3973 864 4054 qui
878 3980 928 4037 est
942 3975 969 4050 b,
984 3973 1075 4053 quod
1091 3971 1309 4036 manifestum
1325 3976 1384 4047 est,

317 4083 476 4165 quoniam
498 4084 581 4150 duae
602 4083 724 4163 lineae,
746 4094 831 4167 quae
852 4083 1088 4168 protrahuntur
1101 4085 1142 4149 ab
1155 4083 1237 4167 ipsis
1246 4082 1382 4167 punem
