3278 5364
316 498 356 560 66

355 609 504 681 Rursus,
526 609 612 670 sicut
634 608 701 669 iam
724 607 1022 681 consideravimus,
1042 625 1178 671 necesse
1200 609 1272 673 iore
1295 617 1332 672 nt
1354 611 1387 673 id

312 718 401 796 quod
423 710 472 780 est
493 734 592 798 super
614 724 713 796 caput
733 716 834 789 visus,
851 717 1066 779 terminatum
1084 717 1144 791 sit,
1159 723 1192 781 et
1206 737 1312 781 unam
1331 720 1388 782 ha·
1418 738 1424 747 ·

313 827 388 890 beat
402 826 647 890 ordinationem
663 833 696 889 et
710 825 997 900 constitutionem,
1012 825 1164 889 videlicet
1179 834 1216 889 ut
1231 829 1274 891 sit
1289 846 1390 910 super

313 941 410 1015 caput
429 935 585 1016 principii
606 935 711 1011 visus,
725 935 771 997 ita
786 936 887 998 etiam
903 935 1094 998 constitutio
1108 943 1264 1017 aspectus
1278 956 1388 1001 rerum

310 1045 525 1107 videndarum
538 1045 634 1108 debet
645 1062 718 1107 esse
732 1046 916 1107 secundum
929 1062 1031 1106 unam
1044 1051 1076 1107 et
1088 1046 1239 1108 eamdem
1248 1054 1388 1128 partem,

312 1168 397 1232 quae
418 1154 537 1217 habeat
560 1154 773 1217 terminatum
792 1154 907 1227 situm,
923 1154 981 1232 qui
999 1159 1048 1215 est
1062 1155 1147 1216 situs
1162 1154 1387 1236 speculorum,

312 1269 346 1324 et
367 1262 405 1324 tit
426 1281 525 1342 super
546 1261 862 1343 perpendicularem.
890 1264 944 1324 Est
966 1263 1056 1325 enim
1081 1263 1233 1344 undique
1256 1264 1317 1326 uni
1340 1266 1388 1328 rei

312 1389 381 1433 una
403 1377 436 1434 et
458 1372 575 1435 eadem
597 1370 890 1452 perpendicularis.
913 1371 1000 1433 illud
1022 1378 1134 1435 autem
1151 1374 1241 1452 quod
1258 1381 1390 1454 praeter

313 1479 401 1543 hane
429 1480 743 1561 quomodocumque
772 1481 812 1543 ab
841 1498 880 1544 eo
909 1479 1074 1553 declinat,
1099 1482 1239 1563 suscipit
1265 1482 1388 1547 multas

313 1589 532 1668 diversitates3
554 1597 588 1652 et
609 1589 688 1669 quia
709 1590 903 1653 huiusmodi
924 1608 977 1652 res
999 1589 1072 1652 eine
1088 1589 1157 1653 illis
1172 1607 1387 1673 nequaquam

312 1698 512 1773 consistunt,
527 1716 580 1762 res
595 1699 710 1777 utique
725 1698 826 1762 simul
843 1699 965 1763 debent
977 1699 1250 1761 constitutionem
1265 1700 1388 1764 habere

312 1808 348 1869 in
370 1807 558 1889 superficie,
579 1826 665 1889 quae
689 1808 726 1869 fit
747 1808 787 1871 de
809 1808 901 1871 radio
924 1808 1074 1882 refracto,
1096 1808 1257 1887 quoniam
1279 1816 1314 1873 et
1329 1827 1388 1873 eae

313 1917 488 1980 observant
508 1917 609 1980 situm
632 1924 778 1980 erectum
795 1933 895 1995 super
909 1916 1121 1998 speculorum
1136 1918 1333 1999 superficies
1347 1919 1389 1983 ad

313 2034 418 2090 rectos
440 2026 589 2106 angulos.
612 2026 673 2088 Hic
687 2026 776 2088 enirn
790 2023 881 2089 linea
895 2043 980 2105 quae
995 2033 1072 2090 ante
1086 2028 1388 2117 reverberationem

313 2134 367 2210 fit,
389 2154 457 2198 non
480 2134 567 2197 cadit
589 2134 686 2198 aliter
707 2152 810 2214 quarn
831 2135 923 2198 linea
945 2153 1030 2215 quae
1053 2134 1090 2197 iit
1110 2141 1186 2216 post
1199 2137 1388 2201 reverbera-

313 2242 452 2306 tionem:
475 2242 674 2304 circulorum
696 2244 786 2307 enim
801 2244 861 2323 qui
875 2245 1124 2330 constituuntur
1140 2262 1241 2326 super
1254 2245 1388 2325 specula

313 2351 400 2414 circa
421 2357 553 2415 centros
575 2350 628 2415 vel
651 2369 741 2427 axes,
761 2353 925 2416 sectiones
948 2371 1032 2433 quae
1054 2353 1142 2416 fiunt
1163 2372 1265 2434 super
1282 2355 1389 2437 capita

313 2460 511 2542 angulorum
534 2479 638 2541 penes
659 2461 893 2525 refractionem
916 2463 1139 2539 existentium,
1157 2470 1190 2527 et
1206 2470 1287 2529 sunt
1303 2482 1389 2528 uom-

313 2571 430 2633 munia
451 2571 641 2651 superficiei
663 2588 748 2661 quae
765 2588 895 2651 pereas
910 2571 1043 2646 transit,
1056 2571 1180 2636 habent
1192 2591 1299 2636 unam
1314 2591 1386 2655 spe·

312 2679 400 2743 ciem
420 2681 670 2743 constitutionis
692 2682 728 2742 in
750 2680 914 2743 universis
935 2681 1094 2744 subiectis
1111 2681 1229 2761 figuris
1242 2689 1277 2746 et
1289 2701 1387 2763 super

313 2788 527 2864 diametrum,
548 2790 703 2852 existente
726 2789 900 2870 superficie
923 2796 1030 2865 erecta
1050 2807 1154 2870 super
1174 2792 1386 2871 speculorum

312 2899 504 2978 superficies
522 2898 564 2961 ad
580 2905 687 2962 rectos
703 2895 853 2979 angulos.
868 2897 928 2961 Ille
943 2906 1054 2963 autem
1071 2900 1166 2973 situs,
1183 2899 1243 2978 qui
1258 2900 1386 2963 diverso

312 3010 413 3071 modo
425 3009 461 3070 in
474 3008 528 3071 his
538 3009 585 3084 tlt,
596 3009 792 3072 terminatus
802 3008 921 3083 existit,
933 3009 992 3089 qui
1005 3017 1055 3072 est
1065 3028 1165 3091 super
1175 3010 1385 3074 diametrum.

354 3118 439 3180 Hinc
460 3135 536 3197 ergo
559 3118 600 3180 de
621 3116 711 3180 facili
730 3125 864 3198 apparot
881 3119 1049 3200 proportio
1063 3118 1276 3199 aequalitatis
1290 3137 1386 3199 angu-

311 3227 436 3303 lorum,
459 3244 544 3305 quae
566 3227 604 3289 itt
624 3245 662 3290 ex
683 3226 957 3303 reverberatione,
979 3235 1012 3292 et
1033 3229 1121 3309 quod
1139 3229 1183 3290 sit
1200 3206 1383 3308 seeundum

313 3334 498 3399 naturalem
513 3354 668 3410 cursum,
684 3336 844 3417 quoniam
859 3354 913 3400 res
927 3354 1013 3417 quae
1029 3337 1238 3411 emittuntur,
1250 3338 1305 3400 vix
1317 3355 1386 3420 pro·

311 3444 471 3507 hibentur
483 3464 503 3508 a
513 3447 611 3509 rebus
626 3446 836 3526 tangentibus
852 3445 928 3509 illas
944 3453 1085 3522 tantum,
1100 3446 1159 3510 sed
1171 3447 1386 3527 prohibentur
1474 3492 1478 3497 -

311 3552 456 3616 multum
479 3572 499 3616 a
520 3555 618 3617 rebus
640 3555 871 3618 resistentibus
892 3573 996 3634 penes
1017 3555 1142 3618 lineam
1164 3556 1340 3633 motionis;
1355 3561 1385 3618 et

312 3663 386 3726 ideo
410 3679 487 3724 oum
510 3661 636 3743 aliquid
663 3663 869 3743 prohibuerit
895 3664 955 3727 has
987 3683 1039 3727 res
1067 3665 1234 3729 contraria
1256 3673 1289 3728 et
1310 3666 1383 3729 lorti

311 3772 483 3846 obstantia,
505 3780 594 3835 secat
615 3772 737 3837 lineam
760 3772 945 3854 longiorem
964 3781 996 3837 et
1010 3774 1202 3839 adversatur
1219 3775 1261 3865 ei,
1278 3775 1328 3838 illi
1343 3776 1384 3837 vi·

310 3883 436 3958 delicet,
445 3900 530 3963 quae
542 3883 748 3964 protenditur
760 3886 801 3946 ad
812 3885 1022 3965 principium,
1037 3885 1322 3966 quemadmodum
1335 3903 1383 3965 pa·

310 3990 407 4055 rietus
430 3993 609 4073 prohibent
624 3991 781 4074 sphaeras
799 4009 883 4084 quae
899 3994 1021 4058 cadunt
1036 4011 1134 4074 super
1149 4011 1203 4057 eas
1220 3995 1262 4058 ad
1279 4001 1380 4058 rectos
