3278 5364
1290 574 1331 637 oe

258 679 351 743 modi
376 680 443 742 situ
471 698 538 743 non
563 679 625 742 erit
648 679 856 751 manifestus,
879 681 1068 743 coniunctio
1091 687 1201 744 autem
1224 680 1332 757 illius,
1394 680 1400 687 ’

256 791 348 870 quod
365 789 463 852 debet
477 788 547 851 lieri
566 791 605 852 de
622 807 700 851 casu
714 770 987 852 reverberationis
1002 788 1038 851 in
1057 791 1203 854 secundo
1219 792 1332 870 modo,

256 900 322 962 erit
342 899 542 980 propinqua,
565 916 642 962 cum
659 917 728 961 non
746 898 935 979 apparuerit
947 899 1155 962 obstaculum
1170 901 1211 964 ad
1226 899 1333 981 ipsam

257 1009 411 1071 sormam.
432 1011 471 1071 llt
491 1007 613 1072 iterum
635 1008 767 1088 quando
797 1006 890 1071 locus
912 1026 980 1070 non
1004 1015 1138 1089 apparet
1159 1027 1237 1072 cum
1258 1009 1333 1086 illa,

257 1118 434 1181 attrahitur
455 1134 572 1181 sensus
594 1118 636 1180 ad
657 1118 849 1191 transitum,
872 1118 929 1196 qui
952 1124 1003 1181 est
1021 1119 1110 1181 inter
1124 1118 1333 1200 superficiem
1389 1104 1396 1119 ”

258 1225 403 1307 speculi,
426 1244 534 1306 aquo
557 1225 594 1288 flt
616 1226 853 1300 reverberatio,
877 1232 910 1289 et
930 1225 1048 1289 visum.

302 1335 505 1417 Quapropter
527 1336 687 1398 dabamus
707 1324 902 1414 investigare
924 1336 1015 1410 vias,
1042 1353 1126 1415 quae
1150 1336 1276 1399 ducunt
1297 1337 1332 1398 in

258 1441 453 1508 huiusmodi
475 1444 575 1506 rebus
597 1443 640 1505 ad
660 1443 771 1506 locum
793 1443 943 1518 formae,
965 1445 1024 1523 qui
1046 1451 1096 1507 est
1117 1445 1154 1506 in
1177 1445 1333 1508 distantia

260 1553 431 1616 moderata
449 1560 484 1616 et
504 1540 588 1615 bena
610 1551 750 1625 directa,
769 1558 803 1614 et
824 1551 984 1614 debemus
1007 1553 1217 1617 considerare
1234 1556 1264 1617 si
1279 1572 1333 1616 res

258 1679 346 1743 quae
366 1661 414 1724 ibi
436 1669 581 1742 apparet,
604 1678 734 1741 semper
755 1660 935 1738 concordat
956 1662 1143 1741 praeposito
1159 1663 1334 1744 principio,

257 1778 292 1835 et
312 1770 480 1835 invenitur
500 1771 535 1832 in
559 1752 878 1833 reverberationibus
901 1776 934 1832 et
955 1769 990 1831 in
1006 1770 1060 1832 his
1076 1789 1160 1850 quae
1176 1778 1264 1834 recte
1280 1791 1333 1851 ap-

260 1887 386 1962 parent3
402 1886 435 1943 et
448 1878 608 1943 debemus
629 1878 680 1941 uti
694 1876 1082 1955 distinctionibusmulto
1093 1871 1189 1959 ¹prius
1205 1878 1334 1943 deloco

259 1991 399 2065 formae,
421 1989 518 2051 cuius
539 1988 808 2052 constitutionem
832 1986 973 2049 diximus
996 1987 1070 2050 fieri
1087 2006 1189 2067 penes
1204 1990 1334 2069 praedi·

257 2106 344 2163 ctam
365 2097 645 2171 coniunctionem,
668 2103 702 2159 et
723 2097 813 2176 quod
833 2096 897 2160 boc
918 2095 963 2159 sit
985 2103 1112 2159 certum
1127 2097 1163 2159 in
1179 2096 1277 2172 locis,
1294 2100 1331 2160 in

260 2208 384 2289 quibus
406 2207 445 2269 fit
465 2212 615 2279 tantum,
638 2204 726 2269 etin
748 2205 870 2284 quibus
893 2214 1036 2286 apparet.
1056 2205 1223 2271 Multoties
1244 2209 1334 2271 enim

259 2317 378 2382 accidit
392 2316 479 2379 hanc
495 2315 654 2389 formam,
670 2331 755 2396 quae
769 2314 955 2377 secundum
971 2314 1186 2378 directionem
1201 2315 1249 2390 tlt,
1264 2334 1333 2378 non

260 2443 415 2508 apparere
436 2425 473 2486 in
494 2421 592 2496 loeis,
615 2424 651 2484 in
673 2424 795 2503 quibus
817 2430 951 2503 apparet
972 2441 1049 2486 vera
1069 2424 1273 2503 magnitudo.

270 2530 284 2619 ‘¹
302 2535 395 2599 Nunc
412 2551 488 2612 ergo
507 2533 667 2596 debemus
686 2533 895 2595 considerare
911 2532 951 2594 de
970 2531 1242 2608 dubitationibus,
1257 2550 1336 2612 qua·

259 2662 335 2706 rum
367 2640 682 2723 contemplationem
714 2624 996 2720 praetermisimus
1024 2642 1058 2703 in
1088 2643 1236 2705 secundo
1264 2660 1333 2705 ser-

260 2770 360 2816 mone
381 2751 564 2832 praesentis
586 2750 683 2824 libri,
704 2750 745 2813 de
768 2750 821 2813 his
843 2750 1004 2825 videlicet,
1026 2769 1112 2831 quae
1127 2753 1282 2815 accidunt
1296 2755 1332 2814 in

258 2862 359 2936 locis,
382 2862 505 2942 quibus
528 2867 685 2939 apparent
706 2877 758 2922 res
779 2859 954 2935 videndae,
977 2862 1066 2940 quod
1087 2862 1240 2924 convenit
1260 2880 1332 2942 per-

259 2971 360 3052 pendi
387 2988 427 3032 ex
453 2988 513 3043 eo,
543 2969 634 3049 quod
661 2987 729 3031 una
757 2987 811 3031 res
832 2969 917 3033 forte
940 2969 1112 3051 apparebit
1136 2970 1172 3031 in
1203 2971 1333 3033 duobus

259 3079 344 3143 locis
360 3085 393 3143 et
408 3079 492 3142 duae
508 3079 544 3140 in
559 3095 641 3152 uno,
651 3078 887 3158 aspicientibus
902 3096 957 3142 eas
973 3097 1050 3141 cum
1064 3079 1213 3158 utrisque
1229 3079 1333 3142 oculis

259 3187 408 3269 quolibet
428 3189 538 3251 modo.
662 3215 673 3234 ·

301 3298 459 3361 Dicamus
480 3313 558 3376 ergo
581 3296 674 3376 prius
698 3296 737 3358 de
760 3294 992 3389 coniunctione
1014 3295 1088 3370 ista,
1102 3315 1167 3376 qua
1183 3306 1334 3358 utrarum

259 3405 471 3488 pyramidum
486 3406 593 3485 capita
607 3406 675 3468 sint
697 3405 811 3485 puncti
833 3423 867 3480 c,
890 3406 906 3466 b
927 3405 995 3484 (Μ.
1012 3403 1082 3480 ibt,
1105 3413 1138 3468 et
1159 3405 1333 3485 copuletur

258 3515 351 3579 linea
372 3517 431 3590 cl,
453 3520 486 3578 et
506 3532 566 3595 per
586 3498 736 3577 medium
758 3498 927 3577 dividatur*
944 3532 1044 3593 super
1065 3522 1227 3604 punctum
1243 3535 1279 3592 p,
1302 3523 1334 3578 et

258 3626 459 3704 producatur
481 3623 522 3685 ab
544 3641 585 3686 eo
604 3608 885 3703 perpendicularis
907 3629 1018 3686 erecta
1040 3641 1143 3704 super
1158 3625 1202 3688 ab
1224 3625 1266 3686 ad
1286 3642 1336 3686 re-

260 3742 329 3797 ctos
350 3731 506 3812 angulos,
522 3738 555 3794 et
569 3731 613 3793 sit
625 3733 686 3811 φά,
702 3737 734 3795 et
748 3732 991 3811 coniungantur
1006 3751 1081 3795 axes
1096 3735 1156 3812 od,
1171 3733 1215 3794 bd
1229 3749 1334 3827 super
1456 3764 1462 3776 ·

259 3848 420 3932 puuctum
440 3844 476 3917 d,
498 3848 532 3904 et
552 3858 606 3904 res
628 3841 769 3903 videnda
784 3842 827 3902 sit
841 3842 946 3921 posita
961 3841 997 3903 in
1012 3844 1043 3904 d.
1066 3841 1238 3921 Videbitur
1254 3859 1331 3921 ergo
1370 3827 1374 3834 ’

260 3951 344 4015 haec
366 3968 420 4014 res
442 3968 524 4025 una,
547 3955 580 4012 et
601 3950 637 4012 in
659 3951 732 4029 ipso
755 3949 829 4012 loco
851 3968 917 4030 quo
933 3957 991 4012 est.
1014 3948 1174 4012 Similiter
1188 3950 1287 4012 etiam
1303 3950 1332 4012 si

263 4078 282 4121 a
299 4069 422 4140 puncto
437 4061 458 4122 d
476 4059 729 4141 protraxerimus
751 4058 874 4122 lineam
893 4065 1035 4123 erectam
1052 4075 1152 4138 super
1165 4061 1211 4138 qd
1227 4060 1268 4122 ad
1282 4077 1333 4122 re·
