3278 5364
340 672 449 733 motus
468 664 511 731 ad
532 665 681 733 eamdem
703 671 828 747 partem
849 662 902 739 lit,
923 666 961 726 ut
981 662 1022 726 de
1044 661 1062 725 b
1084 662 1125 725 ad
1148 682 1182 743 p,
1204 668 1239 725 ot
1259 660 1300 727 de
1320 679 1339 741 o
1361 662 1400 724 ad

339 779 374 853 d,
395 794 447 843 res
468 792 552 857 quae
573 775 791 857 aspiciebatur
818 791 877 855 per
901 772 1030 838 radium
1051 773 1111 847 ob,
1139 770 1198 853 qui
1219 777 1270 837 est
1290 770 1400 835 radius

338 888 560 969 subsequens,
595 892 628 949 et
660 886 782 951 iterum
815 884 981 966 apparebit
1016 882 1212 957 immobilis,
1244 882 1400 963 quoniam

339 997 457 1081 positio
484 996 527 1060 ob
555 996 671 1063 eadem
694 996 754 1060 erit
773 994 824 1058 illi
847 1011 931 1075 quae
951 1012 1011 1075 op,·
1040 994 1099 1057 sed
1118 1010 1196 1055 cnm
1215 991 1401 1073 pervenerit

338 1108 380 1173 ad
411 1104 687 1191 qualemcumque
713 1104 816 1171 adum
849 1104 979 1167 radium
1007 1112 1134 1185 pmeter
1159 1102 1282 1177 istum,
1308 1101 1400 1169 vids·

337 1216 427 1283 bitur
446 1216 581 1281 moveri.
603 1216 637 1279 Si
658 1216 748 1281 enim
775 1214 951 1297 aspicietur
970 1232 1029 1297 per
1055 1212 1165 1295 ipsum
1181 1212 1320 1275 nadinm
1343 1232 1400 1295 op,

339 1326 458 1410 positio
488 1326 561 1392 eius
592 1325 656 1390 erit
684 1326 799 1391 eadem
833 1342 918 1407 quae
939 1328 999 1400 od,
1031 1330 1065 1388 et
1091 1314 1255 1388 videbitur
1275 1324 1401 1390 moveri

339 1436 382 1503 ad
402 1442 543 1519 partem,
564 1436 728 1519 adquam
747 1435 839 1499 visus
866 1442 1016 1500 movetur
1042 1440 1136 1499 motu
1162 1433 1350 1515 consimili3
1370 1442 1402 1499 et

339 1547 368 1611 si
387 1545 553 1613 videbitur
577 1564 636 1627 per
662 1544 808 1627 adquam
831 1546 1019 1621 radiorum,
1040 1544 1100 1625 qui
1120 1544 1325 1627 praecedunt
1346 1563 1399 1609 ra-

340 1657 434 1723 dium
454 1676 515 1739 op,
539 1656 705 1722 videbitur
730 1657 855 1721 moveri
883 1656 924 1720 ad
949 1655 1056 1739 ipsam
1081 1660 1209 1737 partem
1235 1654 1401 1736 velocius3

339 1778 372 1836 et
391 1770 420 1835 si
440 1769 607 1835 videbitur
627 1787 685 1850 par
699 1766 845 1849 aliquem
859 1767 1029 1833 radiorum
1044 1768 1195 1849 quisunt
1209 1768 1298 1833 inter
1312 1768 1355 1831 ob
1369 1774 1401 1831 et

339 1900 397 1963 cp,
417 1880 581 1945 videbitur
599 1879 726 1943 moveri
747 1878 790 1942 ad
810 1879 916 1959 ipsam
937 1884 1064 1961 partem
1085 1878 1232 1957 taediose
1254 1886 1289 1943 et
1309 1878 1339 1942 si
1359 1878 1402 1941 vi·

340 1991 470 2057 debitur
488 2009 549 2073 per
564 1988 706 2071 aliquem
725 1989 893 2055 radiorum
908 1988 1182 2069 subsequentium
1196 1990 1226 2065 b,
1238 1988 1402 2055 videbitur

340 2102 465 2167 moveri
484 2101 527 2167 ad
547 2100 710 2167 diversam
731 2106 867 2181 partem.

382 2213 463 2287 Quia
483 2210 583 2293 igitur
602 2216 732 2285 motus,
753 2210 812 2292 qui
835 2208 870 2273 flt
890 2210 926 2275 in
946 2208 1070 2275 minori
1091 2208 1305 2277 sensibilium
1325 2216 1402 2277 tem-

340 2340 474 2407 porum,
496 2321 592 2386 debet
612 2338 685 2385 esse
707 2320 883 2397 sensibilis,
900 2319 1040 2387 dicimus
1055 2321 1144 2401 quod
1157 2320 1188 2385 si
1201 2320 1304 2385 altero
1319 2328 1402 2387 ntro

340 2450 416 2499 rum
436 2433 628 2517 privabitur,
650 2432 856 2515 impossibile
877 2439 928 2496 eet
949 2439 1075 2497 motum
1096 2432 1173 2497 deri
1192 2432 1401 2511 sensibilem3

340 2544 500 2627 qnoniam
520 2543 549 2607 si
570 2541 726 2607 distantia
746 2548 856 2609 motus
878 2541 1030 2607 habuerit
1050 2542 1256 2608 moderatam
1278 2542 1402 2625 quanti·

341 2662 451 2730 tatem,
473 2658 506 2719 et
526 2658 657 2735 tempus
678 2669 743 2733 quo
765 2652 819 2727 dt,
840 2652 940 2716 luerit
960 2650 1170 2728 insensibile,
1192 2670 1291 2735 saepe
1313 2654 1401 2720 enim

341 2764 406 2830 boc
428 2762 544 2829 assidit
563 2762 599 2825 in
621 2762 773 2829 rotundis
795 2761 951 2837 motibus,
965 2761 1051 2825 sicut
1065 2769 1199 2843 apparet
1211 2763 1249 2827 in
1263 2770 1357 2830 tsoco
1371 2772 1402 2829 et

340 2873 376 2939 in
398 2873 478 2941 rotis
500 2890 658 2937 curruum
679 2890 860 2954 equorum,
881 2888 958 2935 cum
978 2870 1192 2937 vehementer
1210 2872 1400 2949 volvuntur,

341 3002 408 3048 non
431 2989 565 3067 apparet
584 2982 620 3047 in
642 2981 710 3046 illis
731 2988 852 3057 motus,
875 3000 980 3064 quum
1001 2983 1225 3047 restituuntur
1239 2982 1402 3067 adprime

340 3094 415 3159 loca
434 3094 471 3157 in
491 3092 647 3159 velociori
673 3100 842 3175 tempore,
869 3110 969 3173 quam
991 3091 1077 3158 illud
1097 3094 1187 3177 quod
1213 3101 1266 3158 est
1290 3098 1400 3161 minus

342 3204 382 3269 de
406 3204 607 3286 temporibus
628 3202 857 3279 sensibilibus,
879 3203 958 3283 quia
977 3202 1117 3268 visibilis
1137 3204 1249 3269 radius
1264 3205 1304 3269 in
1319 3212 1399 3271 tom·

341 3334 437 3398 pore,
465 3316 552 3397 qnod
578 3316 679 3378 sensu
706 3314 903 3379 continuum
924 3320 995 3388 est,
1022 3313 1149 3378 stabilis
1170 3324 1284 3381 menet
1303 3334 1399 3401 super

340 3425 413 3490 loca
432 3424 482 3489 rei
501 3423 660 3489 videndae
682 3440 766 3505 quae
788 3424 931 3500 obtinet,
949 3424 1038 3505 quod
1052 3424 1224 3507 proprium
1239 3432 1290 3491 est
1303 3427 1399 3492 rebus

301 3536 304 3543 '
341 3552 425 3617 quae
447 3553 514 3619 nou
535 3541 716 3599 moventur.
748 3536 874 3597 Rursus
896 3534 924 3597 si
941 3540 1057 3599 motus
1078 3534 1282 3601 insensibilis
1306 3538 1345 3602 bt
1363 3538 1398 3603 in

339 3645 432 3711 brevi
453 3653 599 3726 tempore
619 3644 786 3719 sensibili,
807 3644 895 3708 siem
915 3643 1084 3709 multoties
1105 3646 1223 3710 accidit
1243 3648 1280 3711 in
1303 3649 1399 3713 rebus

344 3772 427 3839 quae
448 3760 633 3829 moventur,
655 3771 732 3818 cum
753 3754 910 3819 intereas
926 3762 959 3819 et
973 3755 1169 3837 aspicientes
1184 3754 1290 3821 multa
1302 3758 1400 3823 buerit

342 3865 513 3943 distantia,
534 3871 630 3929 ntea
652 3882 737 3948 quae
757 3864 937 3929 volvuntur
957 3866 992 3929 in
1014 3866 1116 3942 coelo,
1138 3873 1172 3931 et
1188 3885 1242 3932 res
1256 3876 1398 3935 remotae

342 3978 378 4041 in
399 3977 524 4059 pelago,
544 3993 613 4039 non
634 3974 786 4041 sidentur
806 3977 952 4059 moveri3
973 3994 1117 4059 cumque
1137 3978 1247 4043 omnis
1268 3982 1398 4064 magni·

343 4087 423 4153 tudo
454 4094 488 4153 et
517 4088 627 4154 omnis
658 4086 751 4153 locus
782 4088 991 4169 dignoscatur
1017 4106 1077 4173 per
1102 4088 1296 4173 mundas,
1317 4108 1397 4177 quas
