3278 5364
1280 541 1335 604 tat

268 655 329 726 est,
352 649 553 729 refringatur
578 650 691 713 radius
713 660 790 725 etz,
813 656 845 714 et
868 649 1068 730 copulentur
1096 651 1204 715 lineae
1237 653 1339 727 tera,

266 758 326 835 tn,
346 758 399 822 kz.
424 760 585 834 Quoniam
604 777 680 840 ergo
698 760 965 845 circumferentia
986 764 1030 824 ad
1051 762 1158 824 maior
1171 771 1223 825 est
1238 781 1339 842 quam

266 869 532 937 circumferentia
553 873 610 943 ἀι,
630 872 698 932 erit
719 869 860 949 angulus
886 871 955 933 eisd
980 872 1087 936 maior
1110 872 1230 952 angulo
1257 874 1338 936 dtr.

266 979 379 1042 Restat
399 992 476 1059 ergo
498 979 640 1059 angulus
662 979 725 1042 zkt
746 981 853 1042 maior
875 981 996 1060 angulo
1017 981 1094 1057 otc·
1117 989 1150 1045 et
1168 983 1196 1044 si
1211 1000 1335 1063 posue·

266 1086 373 1151 rimus
389 1088 554 1179 angulum
572 1090 633 1152 tkz
654 1095 693 1151 ut
713 1090 873 1169 angulum
890 1090 970 1164 tta,
984 1097 1102 1154 etium
1117 1092 1337 1171 propterhoc,

266 1202 340 1261 tum
361 1198 444 1279 quia
468 1199 581 1279 anguli
611 1211 746 1280 penest
773 1199 928 1279 aequales
951 1207 1041 1274 sunt,
1068 1208 1101 1263 et
1122 1200 1209 1264 latus
1231 1202 1268 1263 tt
1289 1210 1340 1267 est

265 1323 446 1371 commane
459 1309 550 1373 inter
561 1309 743 1389 triangulos
756 1310 831 1384 istc,
845 1309 917 1385 tta,
933 1310 996 1394 erit
1009 1311 1125 1390 utique
1143 1322 1177 1373 tz
1190 1313 1276 1375 sicut
1291 1323 1339 1389 tce·

265 1419 493 1498 eritquoquo
512 1429 550 1481 tr
577 1420 685 1483 maior
711 1437 812 1499 quam
843 1429 898 1495 ta;
927 1419 1070 1500 angulus
1093 1439 1170 1501 ergo
1193 1432 1256 1486 taz
1276 1424 1341 1484 erit
1433 1422 1438 1431 '

266 1528 374 1592 maior
385 1528 509 1609 nugario
525 1539 592 1592 tro.
606 1529 740 1610 Propter
754 1529 818 1593 hoo
829 1530 938 1609 igitur,
951 1535 983 1592 et
996 1530 1075 1609 quie
1089 1531 1204 1611 anguli
1216 1542 1340 1611 penest

266 1646 346 1701 sunt
360 1638 531 1719 aquales
540 1644 642 1702 restat
655 1639 862 1720 angulustto
874 1640 1013 1710 obtusus
1027 1640 1137 1703 minor
1151 1642 1340 1721 angulatis

265 1750 476 1830 acuto,quod
487 1749 610 1833 falsum
619 1756 681 1813 est.
692 1750 763 1814 Non
773 1767 851 1830 ergo
861 1750 1118 1829 refringiturotz
1130 1751 1170 1813 ad
1182 1751 1338 1831 aequales

265 1854 417 1940 angulos
437 1859 599 1923 Similiter
619 1861 721 1923 etiam
738 1860 1028 1939 demonstrabitur,
1044 1862 1135 1940 quod
1150 1862 1338 1943 si·punotus

263 1988 286 2033 a
305 1958 394 2034 esset
412 1977 507 2050 extra
528 1969 708 2044 circulum,
730 1988 798 2032 non
817 1971 979 2034 accideret
993 1973 1224 2034 reverberatio.
1249 1973 1338 2035 Unde

264 2079 381 2144 leviter
395 2080 617 2160 dignoscetur,
633 2082 723 2160 quod
738 2099 815 2142 oum
830 2081 1034 2161 impossibile
1049 2083 1094 2143 sit
1106 2082 1339 2146 refractionem

264 2191 337 2253 fieri
359 2191 402 2254 ad
423 2191 579 2272 aequales
601 2189 741 2270 angulos
762 2192 851 2254 inter
872 2209 925 2254 res
948 2190 1143 2255 huiusmodi
1161 2193 1263 2254 situm
1280 2193 1339 2257 ba·

263 2299 511 2377 bentes,.visus
532 2315 602 2365 non
620 2301 870 2387 comprehendit
890 2319 961 2364 rem
984 2302 1141 2382 positam,
1156 2320 1218 2365 nec
1232 2304 1339 2366 torma
1431 2370 1435 2378 ,

264 2411 329 2476 erit
350 2413 414 2488 rei,
434 2429 597 2475 cnmnon
613 2411 907 2492 comprehenditur
928 2431 1040 2475 sensu.
1063 2414 1100 2474 Iu
1124 2413 1177 2474 bis
1201 2414 1337 2492 quidem

264 2534 359 2601 quaa
372 2521 526 2586 accidunt
548 2521 583 2584 in
606 2522 780 2602 speciebus
800 2522 1039 2597 retractiouum
1061 2530 1094 2585 et
1115 2521 1197 2585 locis
1216 2524 1250 2584 in
1268 2524 1340 2602 qui-

262 2632 473 2696 busftormae
495 2639 678 2713 apparent,
706 2633 873 2695 sufficiant
895 2651 981 2712 quae
1004 2633 1043 2696 de
1064 2633 1336 2697 distinctionibus

262 2760 379 2805 nomm
396 2742 554 2806 diximus.
1375 2722 1379 2730 ¹

304 2853 383 2916 Post
403 2832 487 2922 haee
509 2858 620 2915 autem
643 2859 771 2932 oportet
793 2855 1078 2933 nos-perscrutari
1102 2871 1217 2918 omues
1235 2855 1339 2918 diver·

264 2963 377 3026 sitetes
405 2980 517 3026 rerum
544 2963 791 3036 videndarum,
812 2941 1085 3044 unamquamque
1110 2965 1260 3028 videlicet
1288 2985 1338 3030 se·

262 3074 395 3146 metim,
417 3081 449 3136 et
469 3074 564 3136 ouius
587 3074 694 3139 forma
715 3080 765 3136 est
786 3082 875 3136 extra
897 3074 1089 3152 speculum,
1113 3081 1145 3136 et
1164 3076 1263 3136 ouius
1287 3084 1337 3137 est

261 3154 349 3246 ¹inter
370 3183 543 3265 speculum
567 3191 598 3246 et
620 3183 850 3263 aspicientem,
872 3199 940 3245 non
965 3185 1150 3247 secundum
1165 3186 1336 3257 accidens,

262 3293 323 3357 sed
344 3295 529 3357 secundum
551 3294 730 3357 essentiam
753 3311 849 3356 suam
872 3301 905 3355 et
925 3312 1013 3357 vere.

302 3403 423 3467 Forma
444 3420 524 3482 ergo
543 3404 579 3466 in
601 3405 755 3467 concavis
776 3403 920 3484 speculis
943 3421 1021 3467 cum
1043 3404 1142 3467 fuerit
1159 3411 1335 3487 retrospe-

258 3512 396 3588 culum,
423 3513 489 3578 erit
516 3514 672 3578 distantia
692 3514 741 3578 rei
763 3514 925 3578 ridendae
952 3514 1064 3577 minor
1086 3532 1187 3595 quam
1209 3516 1334 3579 distan-

258 3623 452 3704 tiaiormee
472 3640 571 3698 suae,
595 3625 623 3688 st
645 3625 736 3688 visus
760 3624 1018 3690 consumeretur
1038 3632 1126 3689 retro
1149 3626 1334 3707 speculum.

258 3736 334 3799 dato
354 3735 458 3801 sectio
479 3735 618 3811 circuti,
641 3737 700 3815 qui
722 3738 922 3803 inconcaro
944 3736 1099 3816 specu10,
1123 3745 1156 3801 et
1175 3738 1222 3801 sit
1240 3738 1336 3816 ebed

258 3844 328 3924 (ip.
352 3843 435 3922 64),-
468 3847 564 3911 cuius
592 3852 745 3911 centrum
767 3846 861 3921 site,
888 3856 924 3910 et
942 3847 1032 3911 visua
1054 3854 1198 3928 punctus
1220 3866 1253 3922 z,
1277 3865 1331 3912 res

260 3971 394 4036 quoque
415 3956 559 4021 ridenda
579 3964 722 4037 punctus
746 3960 780 4031 ir,
804 3958 846 4020 ad
869 3975 970 4037 quem
990 3958 1189 4038 refringatur
1209 3975 1269 4038 per
1282 3976 1335 4023 ae·

262 4065 378 4146 quates
400 4067 539 4148 angulos
560 4068 675 4131 radius
695 4069 781 4143 ztir,
803 4074 836 4130 et
857 4067 1068 4148 protrahatur
1085 4069 1185 4155 φηςι,
1208 4075 1240 4132 et
1262 4067 1334 4131 iun·
1367 4070 1368 4074 ’
