3278 5364
1261 517 1318 580 135

257 651 277 695 a
302 633 442 704 dextriS,
470 649 583 693 rursus
611 630 773 693 videbitur
796 649 815 692 a
836 630 999 706 sinistris,
1030 639 1062 694 et
1088 632 1177 712 quod
1199 649 1219 692 a
1240 629 1320 691 sini·

257 743 343 816 stris,
357 723 521 805 videbitur
535 759 553 802 a
571 741 705 821 dextris3
721 740 889 820 longitudo
906 748 1015 803 autem
1030 742 1192 805 videbitur
1205 737 1321 813 maior,

255 861 289 915 et
316 855 404 933 quod
433 850 583 926 sumum,
614 869 765 924 sursum,
788 858 819 913 et
841 852 929 930 quod
952 852 1127 926 deorsum,
1154 853 1320 915 deorsum.

259 964 339 1026 Cum
368 971 476 1026 autem
507 965 613 1026 forma
642 963 759 1024 debeat
790 971 922 1041 propter
950 964 1187 1026 concavitatem
1217 959 1320 1023 videri

258 1075 344 1137 inter
371 1074 539 1157 speculum
568 1082 599 1136 et
628 1074 754 1147 visum,
784 1091 859 1135 cum
889 1073 987 1135 luerit
1015 1072 1184 1152 longitudo
1207 1073 1254 1134 rei
1275 1071 1322 1132 vi·

259 1185 385 1248 dentiae
408 1182 555 1264 opposita
576 1184 683 1246 lineae
706 1183 829 1264 speculi
852 1201 968 1246 curvae
992 1183 1161 1264 apparebit
1182 1182 1321 1256 brevior,

260 1303 292 1357 et
315 1296 402 1376 quod
426 1314 567 1369 sursum,
590 1313 731 1367 sursum,
748 1302 779 1356 et
794 1294 1067 1373 quoddeorsum,
1085 1295 1251 1357 deorsum
1266 1292 1323 1355 La·

259 1406 364 1469 titudo
393 1415 503 1468 autem
529 1407 726 1486 quandoque
754 1405 920 1484 apparebit
942 1405 1049 1467 maior
1070 1413 1103 1467 et
1125 1404 1321 1485 quandoque

260 1516 384 1590 minor,
413 1523 445 1579 et
473 1517 668 1597 quandoque
696 1516 882 1577 moderatae
907 1516 1113 1594 quantitatis,
1142 1522 1175 1577 et
1195 1515 1323 1595 quoda

259 1626 378 1689 dextris
400 1626 561 1689 videbitur
584 1644 602 1688 a
623 1626 758 1699 dextris,
782 1633 813 1688 et
834 1626 921 1705 quod
938 1644 956 1687 a
974 1625 1117 1688 sinistris
1136 1643 1155 1687 a
1172 1624 1322 1687 sinistris.
1379 1644 1381 1648 ·

174 1720 178 1725 ¹
259 1737 321 1801 Sed
343 1754 418 1799 cum
439 1737 573 1799 latitudo
596 1724 693 1799 luerit
715 1735 864 1817 opposita
884 1736 992 1799 lineae
1015 1754 1144 1810 curvae,
1159 1735 1323 1798 videbitur

260 1847 386 1921 minor,
416 1855 449 1910 et
476 1848 583 1909 dextra
609 1848 755 1920 sinistra,
786 1855 817 1909 et
843 1847 975 1908 sinistra
1002 1844 1323 1926 dextra310ngitndo

262 1965 370 2020 autem
403 1958 565 2020 videbitur
598 1959 793 2036 quandoque
826 1958 1011 2019 moderatae
1043 1956 1257 2037 quantitatis,
1290 1967 1322 2019 et

262 2070 457 2148 quandoque
478 2068 584 2131 maior
607 2076 638 2130 et
659 2068 854 2146 quandoque
876 2067 1021 2141 brevior,
1042 2075 1073 2129 et
1090 2068 1178 2146 quod
1192 2084 1324 2131 sursum

263 2179 429 2253 deorsum,
452 2186 484 2241 et
506 2179 594 2259 quod
615 2179 769 2241 deorsum
792 2196 935 2240 sursum.

304 2288 508 2352 Generaliter
537 2296 646 2351 autem
675 2290 709 2349 in
740 2289 894 2351 omnihus
922 2288 1058 2361 formis,
1087 2306 1170 2368 quae
1192 2287 1324 2350 suntin

262 2398 402 2479 speculis
431 2399 639 2479 compositis,
670 2401 754 2460 fiunt
783 2399 854 2461 loca
883 2399 1105 2461 translationis
1128 2399 1162 2461 in
1187 2405 1261 2461 ante
1293 2404 1325 2461 et

262 2518 348 2571 retro
367 2509 501 2582 diversa,
520 2528 558 2572 eo
577 2509 665 2588 quod
681 2510 841 2588 quaedam
857 2527 970 2572 eorum
986 2515 1061 2571 sunt
1076 2508 1325 2589 propinquiora,

263 2628 294 2683 et
323 2620 483 2698 quaedam
506 2621 701 2692 remotiora,
731 2626 762 2682 et
783 2636 850 2680 non
872 2619 955 2681 fiunt
977 2620 1158 2681 secundum
1189 2616 1324 2682 transla-

264 2731 400 2804 tionem,
432 2747 514 2809 quae
544 2731 579 2790 fit
607 2730 641 2791 in
664 2731 760 2792 rebus
784 2738 869 2792 recte
896 2728 1062 2805 videndis,
1090 2747 1150 2791 nec
1178 2729 1262 2792 siout
1288 2729 1326 2792 fit

262 2841 295 2902 in
312 2841 422 2914 rebus,
438 2857 576 2919 quarum
592 2858 704 2902 omnes
723 2847 832 2919 partes
848 2848 1003 2920 apparent
1021 2841 1201 2902 secundum
1220 2837 1326 2903 maius
1346 2898 1351 2908 ,

263 2959 295 3014 et
315 2950 438 3012 minus.

303 3063 353 3123 Fit
382 3062 480 3124 etiam
509 3060 680 3140 speculum
709 3079 747 3123 ex
776 3062 965 3141 pyramide,
994 3069 1026 3124 et
1048 3062 1152 3124 forma
1173 3079 1257 3141 quae
1279 3067 1328 3124 est

172 3258 176 3264 ἢ
263 3173 296 3234 in
328 3189 387 3244 eo,
416 3170 547 3233 habehit
576 3178 708 3233 acutum
738 3171 916 3251 angulum,
948 3189 1024 3234 cum
1053 3171 1194 3234 visibilis
1215 3172 1326 3235 radius

262 3283 350 3345 infra
370 3282 525 3344 ceciderit
546 3300 644 3361 super
666 3300 759 3360 eam;
788 3282 825 3345 fit
847 3282 937 3344 enim
967 3301 1004 3344 ex
1034 3281 1269 3362 compositione
1291 3281 1329 3345 li·

263 3411 402 3456 nearum
430 3400 595 3455 rectarum
624 3399 654 3454 et
683 3410 910 3454 concavamm.
944 3393 992 3454 Fit
1020 3400 1130 3455 autem
1157 3392 1327 3472 speculum

263 3505 298 3566 in
321 3503 489 3584 pyramide
512 3504 551 3565 ab
574 3503 723 3565 exterieri
745 3509 835 3583 parte
851 3521 889 3565 ex
905 3503 1142 3582 compositione
1164 3503 1328 3567 linearum

263 3621 425 3677 rectarum
456 3620 488 3676 et
516 3632 707 3689 curvarum,
740 3614 825 3676 sicut
856 3614 1074 3695 exposuimus.
1109 3615 1329 3677 constituatur

264 3724 445 3806 speculum,
469 3725 553 3786 infra
571 3726 660 3803 quod
673 3725 764 3787 visus
780 3726 882 3799 cadat,
899 3732 931 3787 et
944 3731 1011 3787 esto
1028 3725 1136 3788 simile
1153 3723 1326 3806 pyramidi,

267 3835 362 3898 cuius
383 3834 570 3916 triangulus
594 3837 636 3897 sit
657 3837 726 3913 aba
751 3835 814 3914 tfiy.
832 3834 902 3910 74),
926 3842 957 3898 et
979 3836 1046 3898 axis
1069 3836 1220 3910 eiusad,
1243 3841 1274 3897 et
1287 3835 1330 3897 sit

264 3964 364 4027 super
384 3948 431 4009 cd
460 3955 599 4026 punctus
621 3965 649 4021 e,
678 3948 784 4025 sitque
812 3945 902 4008 visus
933 3933 1029 4026 super
1051 3964 1143 4008 axem
1166 3948 1231 4019 ad,
1254 3962 1330 4008 cum

262 4058 362 4123 luerit
384 4059 558 4140 producta,
581 4058 615 4119 in
638 4064 759 4138 puncto
781 4074 820 4132 z,
844 4062 875 4121 et
897 4056 1094 4139 refungatur
1116 4058 1239 4121 interr
1260 4065 1328 4125 ete
