3278 5364
1296 479 1336 541 ttt

259 599 397 673 apparet
418 608 520 671 penes
543 607 613 653 rem
635 607 711 652 vore
734 589 908 651 videndam
931 587 972 650 ad
995 604 1105 667 prope.
1129 587 1337 651 Demonstra-

258 709 333 765 tum
355 707 407 763 est
428 717 520 777 ergo,
535 699 701 780 quomodo
723 698 761 760 lit
777 697 1028 779 comprehensio
1043 697 1226 760 visibilium
1240 715 1336 779 pyra·

257 811 405 885 midum,
420 826 504 888 quae
520 814 569 871 est
584 807 767 870 secundum
783 807 968 870 naturalem
984 824 1130 879 cursum,
1146 813 1178 868 et
1193 807 1335 881 refertur

261 920 304 981 ad
330 937 435 983 unam
463 924 496 981 et
523 918 666 998 primam
695 915 1026 998 comprehensionem
1052 915 1172 978 virtute
1196 922 1227 977 et
1248 916 1335 991 situ,

261 1027 353 1107 quod
382 1025 421 1088 fit
441 1044 518 1089 cum
542 1026 767 1106 aspexerimus
789 1042 867 1087 cum
896 1025 1046 1103 utrisque
1074 1022 1180 1086 oculis
1208 1031 1336 1104 partem

260 1136 311 1199 rei
332 1154 418 1217 quae
440 1134 601 1216 aspicitur
616 1152 693 1197 cum
716 1134 821 1197 altero
837 1133 1026 1207 oculorum,
1042 1140 1074 1197 et
1088 1132 1174 1195 nihil
1190 1140 1336 1196 mutetur

262 1244 303 1308 de
326 1245 471 1309 naturali
493 1251 596 1307 motu.
623 1244 747 1308 Accidit
768 1244 859 1307 enim
881 1244 1047 1306 actionem
1069 1242 1168 1305 istam
1195 1242 1334 1306 univer-

262 1351 378 1416 saliter
397 1353 489 1429 fieri,
512 1370 589 1415 oum
612 1353 784 1431 utriusque
807 1371 903 1427 axes,
926 1352 985 1432 qui
1005 1351 1126 1415 virtute
1155 1357 1236 1413 sunt
1257 1370 1335 1430 pro-

261 1461 329 1542 prii
350 1460 472 1537 oculis,
494 1462 664 1525 coniuncti
685 1461 810 1523 fuerint
837 1479 856 1523 a
880 1460 1061 1541 principio,
1083 1479 1103 1523 a
1125 1478 1194 1541 quo
1219 1478 1335 1541 proce-

261 1570 346 1633 dunt
377 1588 437 1651 per
467 1570 622 1634 virtutem
661 1570 834 1650 regitivam
856 1570 991 1633 adrem
1018 1569 1218 1643 videndam,
1252 1586 1337 1648 quae

261 1680 434 1743 constituit
455 1698 513 1743 eos
543 1699 644 1762 super
664 1698 768 1743 unam
797 1687 829 1743 et
857 1680 999 1743 eandem
1020 1679 1146 1742 lineam
1172 1678 1337 1741 adcitum

262 1788 453 1852 communis
476 1789 544 1851 axis
566 1789 653 1853 inter
666 1789 773 1869 capita
790 1788 1019 1869 pyramidum,
1035 1795 1067 1851 et
1089 1788 1125 1849 tlt
1142 1805 1238 1851 casus
1252 1776 1338 1850 radii

261 1915 364 1978 snper
383 1895 499 1973 illum,
515 1915 592 1960 oum
614 1898 716 1960 fuerit
736 1915 825 1960 unus
848 1905 881 1959 et
897 1897 987 1959 idem
1009 1896 1095 1958 radii
1109 1895 1214 1970 locus,
1229 1903 1337 1958 trans-

261 2006 388 2073 feratur
409 2024 469 2087 per
481 2006 637 2070 virtutem
654 2008 819 2088 propriam
842 2006 906 2069 sibi
922 2007 963 2069 ad
984 2006 1072 2086 ipsas
1088 2022 1151 2069 res.
1170 2003 1232 2067 Illa
1247 2006 1335 2068 enim

264 2134 352 2199 quae
374 2123 454 2179 sunt
474 2135 576 2198 super
596 2119 685 2198 ipsos
709 2135 784 2179 axes
805 2117 1011 2198 apparebunt
1032 2115 1207 2178 manifeste
1229 2122 1338 2178 'unum

264 2226 377 2289 locum
400 2226 567 2313 obtinere,
589 2226 648 2305 qui
669 2233 719 2289 est
740 2227 929 2289 eommunis
952 2226 1043 2305 axis3
1072 2224 1131 2287 illa
1152 2242 1230 2288 vero
1253 2242 1337 2304 quae

264 2335 392 2400 fuerint
407 2354 508 2416 super
521 2343 649 2399 ceteros
665 2334 787 2411 radios,
801 2335 1008 2416 apparebunt
1029 2335 1064 2398 in
1086 2333 1179 2408 locis,
1194 2352 1337 2412 quorum

264 2445 422 2509 distantia
451 2464 471 2508 a
491 2451 581 2508 certo
603 2445 677 2507 loco
699 2463 816 2509 eorum
842 2451 892 2507 est
921 2453 957 2507 ut
977 2443 1132 2506 distantia
1154 2442 1222 2507 axis
1244 2455 1337 2507 com-

264 2555 380 2617 munis
407 2555 449 2617 ab
471 2572 530 2618 axe
559 2554 624 2617 sibi
651 2556 802 2635 proprio,
820 2571 882 2617 uec
909 2554 1072 2632 estquod
1099 2553 1276 2633 prohibeat
1302 2554 1338 2615 in

264 2642 614 2739 demonstrationibus,
623 2682 709 2744 quae
721 2665 897 2728 attributae
910 2671 989 2726 sunt
998 2661 1153 2742 speculis,
1163 2681 1239 2725 cum
1251 2680 1339 2726 com·

260 2773 440 2854 prehensio
462 2774 564 2836 luerit
585 2791 764 2853 perunum
787 2771 924 2835 oculum
946 2778 978 2835 et
999 2790 1102 2834 unam
1125 2772 1339 2853 comprehen-

262 2883 395 2945 sionem
416 2883 457 2945 ab
481 2900 550 2945 uno
572 2883 753 2963 principio,
780 2881 861 2961 quin
884 2880 943 2943 fiat
963 2883 1151 2944 secundum
1172 2900 1276 2944 unam
1298 2883 1338 2946 de
1364 2966 1369 2973 .
1436 2913 1439 2918 ·

265 2991 320 3055 his
343 2993 516 3072 speciebus
538 3010 614 3055 cum
638 2998 757 3055 natura
778 3009 906 3066 earum,
929 2997 965 3053 ut
987 2992 1220 3072 exposuimus3
1243 2993 1285 3054 sit
1302 3010 1341 3055 ex

265 3101 521 3181 congregatione
543 3101 773 3164 sensibilitatis
796 3118 926 3176 rerum,
945 3117 1030 3180 quae
1046 3102 1231 3163 secundum
1246 3119 1339 3163 com-

265 3211 465 3274 munitatem
488 3217 659 3292 apparent.
682 3212 746 3273 Res
767 3210 859 3272 enim
877 3227 961 3289 quae
976 3211 1185 3291 aspiciuntur
1199 3216 1231 3271 et
1246 3227 1338 3272 com-

265 3319 522 3401 prehenduntur
556 3320 706 3400 utrisque
735 3320 862 3396 oculis,
894 3326 1053 3401 apparent
1083 3337 1142 3400 per
1169 3337 1272 3381 unam
1303 3337 1341 3382 ex

264 3429 445 3491 virtutibus
471 3430 541 3491 suis
564 3431 757 3493 continuam
779 3447 857 3493 cum
885 3428 1050 3518 principio
1076 3435 1186 3491 nutus.
1220 3431 1263 3491 Ex
1288 3430 1341 3492 his

264 3538 368 3617 igitur
396 3557 481 3619 quae
510 3539 577 3603 dici
599 3540 741 3602 debeant
762 3541 802 3603 de
824 3539 1107 3613 dubitationibus,
1131 3557 1214 3620 quas
1236 3539 1339 3620 expli·

266 3648 416 3711 cavimus
445 3649 480 3710 in
510 3649 683 3730 principiis
705 3649 923 3730 praepositis,
946 3649 1113 3712 sufficiant
1135 3649 1232 3711 nobis
1256 3667 1339 3729 quae

267 3757 354 3819 dicta
375 3763 467 3819 suut.

308 3867 400 3929 Nunc
423 3873 535 3929 autem
558 3875 632 3948 post
653 3868 717 3932 hac
739 3869 889 3931 dicamus
911 3870 952 3931 de
975 3862 1108 3944 formis,
1131 3885 1215 3948 qnae
1238 3885 1340 3947 appa-

267 3983 342 4038 rent
370 3977 555 4041 secundum
586 3996 859 4061 unamquamque
886 3979 1126 4058 praedictarum
1156 3977 1341 4057 specierum
