3278 5364
266 515 306 581 lo

265 625 414 707 regitiva.
436 622 596 689 simililer
616 621 718 687 stiam
732 619 941 686 diversitates
957 617 1126 696 colorum,
1142 638 1244 704 super
1259 640 1342 704 quos

263 735 379 799 incidit
400 734 504 809 usos,
526 753 595 798 non
617 730 958 813 comprehenduntur,
980 749 1058 797 cum
1080 730 1209 795 colores
1229 751 1342 797 rerum

264 845 488 910 subiectarum
510 842 707 925 simpliciter
727 840 795 905 sint
816 840 951 917 diversi,
972 846 1005 904 et
1019 847 1130 905 cetera
1144 858 1229 922 quae
1242 842 1278 904 in
1294 843 1341 906 eis

266 962 359 1030 sunt,
382 954 508 1020 inerint
528 951 735 1027 consimilia,
752 950 812 1014 sed
828 966 907 1015 cum
921 950 1062 1015 mutatio
1077 951 1278 1015 diversitatis
1291 970 1342 1016 co·

263 1065 374 1129 lorum
396 1063 497 1129 luerit
517 1060 696 1127 sensibilis.
718 1060 896 1125 Diversitas
918 1066 1032 1124 autem
1052 1078 1183 1136 rerum,
1201 1077 1341 1141 quarum

264 1176 391 1239 colores
420 1175 606 1238 secundum
634 1171 782 1252 aliquam
810 1169 1033 1251 quantitatem
1054 1170 1175 1235 diversi
1197 1171 1339 1248 inemnt,

265 1291 400 1367 apparet
419 1303 440 1348 a
461 1283 648 1366 propinquo
669 1281 745 1347 loco
767 1287 802 1346 et
822 1298 890 1345 non
906 1280 1054 1369 alonge,¹
1074 1282 1235 1362 quoniam
1250 1283 1339 1346 visus

264 1396 382 1461 debilis
403 1395 443 1458 tlt
462 1395 499 1458 in
521 1393 750 1460 discernendis
772 1391 872 1456 rebus
894 1391 1044 1456 remotis.

305 1505 517 1571 Manifestum
538 1509 588 1569 est
609 1522 687 1585 ergo
709 1521 750 1568 ex
769 1501 821 1566 his
843 1518 929 1581 quae
952 1501 1112 1578 diximus,
1136 1502 1227 1583 quod
1247 1503 1338 1569 visus
1448 1494 1449 1498 ’

264 1616 433 1697 cognoscit
454 1614 601 1679 colorem
618 1632 676 1696 per
691 1611 929 1677 colorationem
944 1612 1159 1689 accidentem,
1174 1618 1207 1676 et
1220 1631 1339 1695 cogno·

261 1726 326 1791 scit
347 1726 550 1801 albedinem,
572 1725 663 1789 verbi
685 1723 791 1806 gratia
812 1724 893 1803 quio
914 1720 1054 1798 dealbat,
1071 1729 1104 1787 et
1118 1723 1337 1804 nigredinem,

262 1837 342 1918 quia
361 1835 527 1917 denigrat,
549 1836 652 1900 etsie
674 1833 825 1914 singulos
847 1831 977 1898 colores
999 1832 1136 1897 medios.
1160 1833 1227 1898 Nec
1241 1833 1290 1898 ita
1302 1852 1337 1901 se

263 1947 365 2013 hebet
384 1965 456 2023 res,
478 1954 516 2011 ut
537 1945 675 2028 quidam
697 1946 939 2026 cogitaverunt,
953 1944 1044 2025 quod
1058 1943 1175 2011 album
1187 1944 1340 2010 videlicet

263 2059 468 2140 dignoscitur
489 2075 529 2123 ex
549 2055 793 2137 disgregatione
821 2055 1015 2130 radiorum,
1043 2054 1178 2135 nigrum
1202 2071 1281 2120 vero
1302 2075 1339 2121 ex

262 2169 527 2249 congregatione.
550 2168 660 2230 Primo
682 2167 819 2246 quidem
841 2165 921 2245 quia
934 2182 1001 2229 non
1017 2165 1209 2229 invenimus
1225 2184 1337 2231 neces·

263 2277 385 2341 sariam
407 2294 559 2353 causam,
580 2293 647 2356 qua
660 2293 721 2356 per
735 2273 879 2339 alterum
894 2274 1030 2339 illorum
1045 2274 1276 2356 disgregentur
1289 2294 1338 2341 ra·

266 2388 324 2462 dii,
345 2406 405 2468 per
426 2387 569 2452 alterum
584 2391 837 2466 congregentur;
859 2402 922 2450 nec
936 2402 1003 2465 qua
1017 2385 1341 2467 comprehendantur

262 2498 366 2563 medii
386 2495 518 2573 colores,
537 2514 575 2563 ex
597 2495 665 2559 illis
688 2495 881 2576 compositi,
903 2493 1059 2561 videlicet
1072 2496 1210 2573 rubeus,
1224 2513 1340 2562 roseus

263 2616 296 2673 et
309 2608 525 2688 sanguineus.
547 2609 688 2689 Insuper
703 2607 815 2684 etiam,
828 2606 865 2669 id
880 2607 969 2689 quod
982 2605 1092 2671 maius
1108 2614 1167 2682 est,
1184 2607 1340 2674 derebus

263 2717 419 2783 albedine
441 2716 690 2793 consimilibus,
713 2716 810 2782 debet
824 2716 931 2797 magis
944 2716 1061 2793 videri,
1076 2716 1237 2797 quoniam
1251 2734 1339 2783 com·

261 2828 479 2909 prehenditur
499 2827 616 2893 multis
637 2827 764 2903 radiis,
790 2834 862 2891 tum
882 2833 1017 2909 propter
1037 2826 1340 2893 accumulationem

261 2939 446 3014 radiorum,
468 2945 541 3003 tom
563 2938 643 3020 quia
664 2937 809 3020 angitur
828 2936 974 3003 visibilis
995 2937 1176 3019 pyramidis
1197 2956 1268 3002 non
1289 2956 1339 3005 re·

261 3057 374 3114 manet
394 3049 430 3111 in
451 3054 540 3113 statu
560 3065 640 3126 suo,
662 3048 722 3114 sed
743 3065 822 3114 cum
843 3065 896 3133 res
911 3047 1081 3112 subiectae
1094 3047 1220 3111 luerint
1232 3046 1339 3124 albae,

260 3160 365 3240 magis
387 3157 565 3239 ditantur,
586 3159 669 3239 quia
688 3159 880 3240 disgregant
901 3158 1034 3237 radios;
1060 3165 1096 3222 et
1116 3175 1194 3222 cum
1214 3137 1340 3225 inerint

260 3271 397 3351 nigrae,
426 3269 541 3333 minus
569 3268 727 3335 dilatatur
748 3277 882 3352 proptor
901 3258 1214 3350 congregationem,
1236 3276 1271 3334 ot
1291 3269 1339 3334 sic

260 3381 476 3460 magnitudo,
504 3397 607 3463 quam
633 3379 726 3444 visus
748 3380 790 3444 de
811 3377 906 3447 coelo
931 3379 1183 3460 comprehendit
1203 3379 1240 3443 in
1263 3379 1339 3457 die,

261 3490 394 3557 deberet
414 3506 488 3555 osse
509 3490 618 3555 maior
639 3489 720 3568 illo,
747 3506 851 3571 quom
871 3491 908 3555 in
930 3496 1048 3566 nocte,
1070 3490 1131 3555 sed
1150 3489 1238 3555 nibil
1259 3490 1339 3583 indo

258 3600 390 3665 videtur
404 3599 566 3665 accidere.
587 3600 687 3667 Visus
702 3618 781 3683 ergo
795 3600 965 3682 cognoscit
978 3599 1061 3665 baec
1074 3618 1132 3682 per
1146 3600 1339 3681 qualitatem

259 3712 439 3793 passionis,
463 3714 549 3792 quoe
570 3710 607 3775 in
631 3729 671 3778 eo
692 3712 746 3787 lit,
769 3719 802 3777 et
822 3711 994 3793 cognoscit
1013 3729 1163 3795 corpora,
1177 3712 1340 3792 quoniam

259 3822 378 3887 accidit
397 3822 433 3885 in
455 3839 492 3886 se
512 3821 623 3903 passio
644 3821 849 3905 simpliciter,
872 3840 912 3889 eo
936 3821 1027 3905 quod
1047 3828 1129 3887 sunt
1143 3821 1291 3887 colorata
1306 3830 1340 3889 et

260 3931 473 4012 prohibentia
487 3933 764 4014 penetrationem,
777 3940 811 4000 ot
824 3932 994 4016 cognoscit
1007 3933 1082 4016 ipsa
1095 3933 1339 4012 universaliter,

260 4058 300 4107 eo
329 4043 419 4126 quod
445 4042 638 4128 superficies
660 4062 714 4112 res
735 4052 786 4112 est
805 4045 940 4128 proprio
960 4044 1163 4128 corporibus.
1196 4044 1339 4127 Corpora
