3278 5364
1273 562 1333 629 157

210 756 212 761 Ι
256 667 288 733 ei
315 673 349 732 et
376 669 588 751 superficiei,
618 668 651 732 in
682 688 747 751 qua
769 671 958 751 refringitur.
979 671 1118 736 visibilis
1140 673 1251 736 radius
1265 670 1334 748 ,li-

258 798 355 844 neam
378 783 445 861 clrp
468 781 535 860 trip.
560 779 620 854 86)
646 783 766 844 etrite
787 781 1094 862 perpendicularem
1117 800 1334 863 supeream,

258 897 290 953 et
305 893 354 965 lb
376 890 539 965 visibilem
562 891 709 965 radium,
733 898 764 954 et
781 890 912 954 radium
928 891 1104 955 retractum
1119 893 1161 956 ad
1177 893 1333 974 aequales

258 999 396 1080 angulos
421 1001 485 1074 ab,
514 1002 580 1074 bh,
611 1009 644 1064 et
668 1003 712 1064 db
740 1002 922 1065 secundum
952 1001 1052 1064 situm
1081 1002 1265 1077 directum,
1294 1007 1333 1066 ab
1421 1009 1424 1015 '

258 1117 370 1173 autem
392 1111 575 1174 secundum
598 1110 700 1174 sitnm
721 1106 911 1192 proclivem.
937 1112 1002 1173 lirit
1017 1129 1094 1192 ergo
1110 1111 1250 1192 angulus
1264 1115 1334 1176 dlz

259 1220 344 1283 sicut
372 1219 512 1299 angulus
534 1223 627 1294 dbia,
652 1228 689 1284 et
717 1221 859 1302 angulus
880 1221 950 1284 ald
977 1221 1063 1285 sieut
1092 1218 1333 1303 angulue‘pbd.

259 1330 340 1392 Gum
367 1330 466 1409 igitur
484 1331 522 1392 in
544 1330 685 1415 flexione
705 1331 802 1395 fuerit
823 1334 988 1412 protracta
1009 1330 1179 1412 quaelibet
1199 1348 1336 1414 perpen-

259 1438 416 1503 dicularis
438 1459 457 1502 a
478 1441 522 1503 dt
544 1458 643 1520 super
663 1439 970 1521 perpendicularem
984 1443 1041 1515 de,
1064 1447 1121 1504 aut
1139 1459 1177 1503 ex
1190 1443 1231 1504 ab
1247 1440 1333 1522 quae

260 1558 311 1613 est
333 1549 507 1630 proclivis,
536 1551 565 1612 si
587 1548 698 1614 taliter
717 1550 839 1625 fuerit,
866 1550 903 1611 fit
925 1569 1001 1613 cum
1024 1549 1115 1614 linea
1137 1553 1176 1613 de
1198 1552 1232 1613 in
1256 1567 1338 1633 pnn-

260 1667 312 1723 ete
336 1660 352 1721 b
374 1659 512 1739 angulus
534 1661 610 1725 edd.
630 1659 697 1722 lirit
717 1678 795 1740 ergo
816 1661 998 1723 seeundum
1021 1661 1237 1725 directionem
1260 1661 1332 1742 qui·

259 1771 336 1833 dem
351 1770 393 1832 ab
414 1786 514 1850 super
529 1771 577 1844 te,
600 1771 782 1833 secundum
808 1770 1027 1834 directionem
1050 1778 1160 1834 autem
1174 1772 1219 1834 lle
1238 1785 1338 1853 snper

260 1881 317 1954 bs,
346 1884 378 1942 et
404 1879 586 1943 secundum
612 1880 750 1943 modum
778 1881 879 1943 istum
909 1886 1036 1943 tantum
1062 1881 1128 1944 erit
1148 1880 1334 1963 unusquis·

260 2008 325 2071 que
357 1988 554 2069 angulorum
582 1992 658 2064 tle,
690 1990 748 2055 ebs
779 1989 927 2070 aequalis
954 1989 1073 2070 angulo
1102 1992 1193 2064 edd,
1222 1991 1279 2054 sed
1307 1991 1338 2054 ai

261 2099 417 2164 transitus
438 2105 527 2163 esset
547 2117 645 2181 super
670 2100 747 2174 abt,
773 2098 963 2163 nullatenus
984 2099 1079 2163 fleret
1098 2100 1177 2164 inde
1199 2099 1337 2175 fractio,

259 2227 337 2274 cum
359 2208 501 2290 oppositi
523 2209 635 2288 anguli
655 2210 723 2273 sint
741 2209 908 2290 aequales3
930 2209 959 2272 si
974 2227 1049 2273 vero
1066 2211 1224 2273 transitus
1244 2210 1339 2276 lieret

261 2339 321 2402 per
342 2321 397 2394 db,
419 2319 527 2402 primo
554 2320 689 2400 quidem
716 2338 926 2401 nequaquam
949 2320 1027 2383 inde
1048 2320 1211 2384 accideret
1231 2318 1338 2385 diver-

260 2433 341 2494 sitas
362 2431 451 2493 inter
471 2429 685 2505 fractionem,
712 2449 797 2512 qnae
820 2431 858 2491 lit
879 2448 898 2494 a
920 2428 1086 2493 subtiliori
1108 2446 1242 2512 corpore
1266 2432 1338 2495 eta

260 2540 433 2620 grossiori3
454 2539 517 2604 hoc
532 2540 622 2604 enirn
641 2541 679 2604 lit
693 2559 712 2603 a
726 2538 988 2622 perpendiculari
1005 2546 1144 2614 tantum,
1154 2540 1223 2605 sive
1238 2540 1334 2623 quasi

259 2667 393 2714 srusum
414 2657 501 2713 recte
524 2651 567 2713 sit
588 2649 760 2715 declinans
781 2650 818 2712 in
840 2657 979 2732 utraque
1001 2649 1133 2731 specie,
1158 2651 1249 2732 qnod
1270 2667 1337 2715 nen

262 2767 312 2826 eet
332 2760 532 2825 necessarie.

304 2872 427 2935 lterum
449 2871 639 2935 coniunctio
657 2869 990 2952 perpendicularium,
1005 2888 1091 2952 quae
1105 2870 1191 2936 flunt
1204 2888 1244 2935 ex
1256 2872 1339 2936 una·

262 2999 392 3063 quaque
420 2999 548 3058 earum,
577 2988 611 3045 et
639 2981 747 3045 lineae
774 2982 943 3045 radiorum
965 2998 1025 3062 per
1045 2998 1128 3062 ques
1150 2982 1339 3046 invenimus

264 3093 375 3156 locum
396 3092 522 3156 formae
542 3091 592 3155 rei
613 3108 746 3172 semper
766 3091 881 3171 utique
904 3099 993 3154 extra
1014 3108 1132 3172 corpus
1155 3089 1248 3154 illud.
1276 3091 1339 3161 Nes

263 3209 373 3269 autem
402 3202 593 3266 invenimus
622 3202 711 3281 quod
739 3219 858 3281 corpus
889 3200 1037 3264 eontinet
1064 3200 1228 3275 formam,
1257 3216 1338 3282 tfue-

264 3313 355 3377 niam
375 3310 653 3393 perpendicularis
667 3328 753 3390 quae
769 3311 916 3393 procedit
932 3328 951 3374 a
966 3310 1116 3390 quolibet
1129 3312 1339 3392 punctorum,
1379 3303 1384 3310 ’

263 3423 322 3506 qui
345 3428 421 3486 sunt
443 3439 541 3503 super
563 3423 597 3484 bl
618 3422 660 3485 ad
681 3440 716 3496 a,
737 3428 774 3484 ut
787 3421 1072 3502 perpendicularis
1086 3422 1176 3495 lim,
1199 3422 1285 3485 siurt
1305 3422 1342 3486 iit
1455 3433 1460 3443 ·

263 3552 394 3614 semper
414 3532 450 3595 in
473 3532 636 3596 effusione
657 3530 797 3594 visibilis
819 3531 925 3605 radii,
954 3531 1103 3612 iungitur·
1123 3547 1201 3595 eum
1221 3533 1287 3608 da,
1309 3539 1342 3596 et

263 3647 402 3725 insuper
412 3643 574 3706 accideret
591 3642 691 3706 etiam
709 3659 824 3705 omnes
840 3641 986 3704 visibiles
1003 3641 1114 3704 radies
1128 3642 1341 3722 precedentes

267 3754 430 3836 apnncto
451 3771 470 3816 c
491 3769 621 3833 semper
643 3750 715 3815 fleri
738 3752 772 3813 in
794 3769 863 3814 unc
878 3758 1016 3832 puncto,
1038 3750 1133 3814 cuius
1148 3750 1342 3816 distantiae
1437 3806 1443 3819 .

264 3864 439 3946 superficie
461 3864 501 3926 de
524 3879 589 3941 qna
611 3862 649 3923 fit
670 3861 800 3935 tractio,
818 3869 869 3924 est
886 3861 973 3924 sieut
989 3860 1143 3924 distantia
1162 3861 1264 3934 visus,
1285 3862 1342 3942 qui

266 3981 317 4037 est
351 3991 449 4054 super
481 3971 788 4053 perpendicularem
824 3988 883 4052 per
920 3988 1019 4052 quam
1052 3968 1193 4044 transit,
1227 3978 1266 4032 ut
1293 3972 1341 4034 di·

233 4106 237 4113 ·
265 4083 385 4147 stantia
400 4085 460 4157 lec,
477 4100 554 4146 cum
569 4081 669 4147 fuerit
682 4081 788 4163 posita
803 4097 903 4162 super
916 4079 1083 4145 visibilem
1098 4082 1227 4155 radium
1240 4096 1342 4162 penes
