3278 5364
159 553 164 562 '
264 553 324 615 tos

262 668 421 745 puuctum
441 682 491 737 mr
514 664 621 726 lineae
646 665 734 726 euim
758 682 841 744 quae
859 665 1043 744 procedunt
1057 681 1077 726 a
1091 670 1216 744 puncto
1227 682 1262 725 m
1276 672 1336 728 ota

263 778 383 853 puncto
407 775 440 845 lc,
471 780 644 837 transeunt
675 792 732 853 per
759 790 864 835 unum
893 781 927 836 at
954 774 1096 837 eundem
1120 782 1283 854 punctum
1303 774 1332 836 in

263 881 352 947 linea
372 902 426 963 oq,
448 884 534 946 utin
552 886 563 943 l
581 885 761 955 etinaex
779 884 899 963 quibus
918 882 1114 963 angulimrl
1132 886 1239 947 altri
1258 884 1336 955 fluant

262 992 431 1074 aequales,
454 1011 530 1056 cum
553 993 620 1054 sint
640 995 691 1054 ml
713 1001 745 1055 et
765 994 800 1053 ll
821 994 991 1073 aequales,
1011 1001 1043 1056 et
1057 993 1171 1074 anguli
1187 994 1248 1073 qui
1264 1001 1337 1057 sunt

262 1120 363 1184 panes
376 1106 386 1164 l
400 1102 492 1176 recti,
505 1109 622 1165 etcum
634 1101 758 1165 luerint
771 1103 946 1166 fractiones
956 1110 994 1165 ut
1005 1103 1097 1178 istae,
1110 1110 1144 1166 et
1155 1111 1336 1183 sequuntur

262 1230 317 1281 sas
332 1211 443 1294 plures
460 1214 500 1275 de
518 1213 816 1292 magnitudinibus,
833 1219 1010 1293 quaesunt
1027 1214 1062 1274 in
1077 1212 1142 1275 isto
1158 1211 1245 1289 loco;
1267 1231 1337 1277 cum

262 1340 314 1386 res
335 1328 456 1397 autem,
472 1341 556 1402 quae
572 1331 657 1385 retro
674 1323 781 1385 visum
797 1330 884 1396 sunt,
901 1340 1112 1407 pequaquam
1129 1324 1337 1404 apparuerint

263 1431 440 1495 dissimiles
463 1438 599 1495 naturae
622 1431 862 1506 sensibilitatis,
884 1433 1033 1513 quamvis
1056 1431 1202 1495 existens
1224 1433 1335 1496 tractio

264 1562 331 1611 nou
354 1549 526 1606 conservat
548 1541 609 1605 bos
631 1541 769 1623 angulos
792 1542 961 1633 aequales,
987 1543 1046 1606 sed
1069 1542 1135 1604 aiut
1157 1544 1336 1605 secuudum

262 1651 494 1733 aequalitatem
517 1653 629 1733 anguli
651 1654 719 1715 abd
740 1653 781 1715 ad
805 1652 962 1732 angulum
976 1655 1065 1725 dbd,
1087 1653 1201 1715 statim
1223 1652 1336 1733 utique

260 1769 393 1845 apparet
415 1763 553 1826 mutatio
575 1780 651 1824 cum
672 1781 874 1843 unaquaque
890 1765 984 1826 exdb
1000 1771 1031 1827 et
1046 1765 1107 1836 ab,
1130 1762 1336 1855 nonrelrin·

262 1879 356 1953 gatur
377 1871 471 1935 valde
489 1871 545 1945 ita,
561 1873 650 1952 quod
665 1873 788 1936 dividat
805 1871 964 1952 angulum
979 1873 1047 1935 cdd
1064 1872 1198 1935 induas
1215 1872 1334 1937 medis·

262 1988 361 2054 tates,
385 1987 417 2044 et
437 1981 618 2062 disponunt
640 1982 700 2046 has
716 1982 873 2062 proclivas
891 1982 1077 2062 positiones
1095 1988 1203 2045 rectas
1222 1989 1256 2045 et
1273 2000 1334 2045 nou

264 2093 380 2155 tractas
407 2110 508 2172 prope
538 2097 689 2156 erectam.
718 2092 877 2155 Similiter
907 2093 1007 2155 etiam
1034 2093 1123 2172 quod
1145 2093 1338 2156 arbitremur

262 2202 352 2281 quod
374 2201 526 2264 omnium
548 2201 730 2264 visibilium
747 2202 916 2265 radiorum
931 2202 1089 2264 transitus
1110 2202 1149 2264 flt
1166 2202 1202 2263 iu
1218 2209 1335 2283 puncto

263 2309 433 2374 fractionis
446 2313 627 2374 secundum
645 2312 961 2392 perpendicularem,
972 2318 1009 2375 ut
1023 2314 1067 2375 dt
1082 2318 1116 2374 et
1131 2312 1182 2386 bc,
1200 2318 1234 2374 et
1244 2312 1333 2392 quic·

262 2421 342 2501 quid
357 2418 517 2485 ceciderit
527 2425 625 2501 super
639 2424 825 2501 punctumd
840 2440 917 2485 cum
932 2422 1121 2485 diversitate
1138 2420 1334 2501 angulorum

260 2532 296 2594 iu
316 2530 528 2612 aequalitate,
551 2550 664 2593 rursus
688 2530 803 2593 leviter
824 2531 1010 2594 invenietur
1027 2531 1098 2594 sine
1117 2530 1337 2612 proportioni·

262 2642 343 2719 bus3
366 2640 492 2704 accidet
515 2642 605 2704 enim
628 2641 738 2703 radios
762 2649 887 2704 erectos
917 2626 1337 2721 etdeclives,'quo1nodo
1411 2692 1419 2717 ,

261 2769 402 2831 cumque
424 2751 598 2823 declinent,
622 2769 814 2814 conservare
837 2770 944 2814 uuum
967 2760 1000 2814 et
1022 2752 1165 2814 eundem
1185 2752 1291 2815 situm
1304 2751 1335 2813 iu

263 2862 457 2925 llexionibus
473 2880 491 2925 a
507 2863 680 2943 superficie
702 2862 907 2943 prohibente.
929 2864 1013 2927 Loca
1034 2863 1135 2925 etiam
1158 2863 1336 2926 formarum

264 2990 394 3052 semper
416 2978 526 3035 essent
548 2991 648 3053 super
664 2991 764 3035 unam
782 2972 1003 3053 superficiem,
1019 2973 1053 3034 in
1070 2991 1136 3053 qua
1150 2971 1336 3035 necessario

263 3083 443 3162 iunguntur
471 3066 761 3163 perpendiculares
790 3084 942 3146 cadentes
965 3100 985 3144 a
1005 3083 1103 3145 rebus
1130 3082 1285 3145 videndis
1309 3088 1337 3145 st

259 3191 382 3255 visibili
405 3192 497 3256 radio
520 3192 681 3255 incidenti
704 3210 804 3273 super
827 3211 899 3266 eas,
921 3192 1006 3254 sicut
1024 3192 1099 3254 illae
1117 3210 1204 3272 quae
1228 3210 1337 3273 proce·

211 3300 215 3308 '
261 3297 344 3364 dunt
365 3303 405 3364 ab
427 3304 483 3375 alt,
505 3311 543 3364 at
563 3320 662 3383 super
684 3303 711 3363 b.

305 3412 396 3484 Quod
413 3412 547 3491 quidem
562 3412 742 3492 aequalitas
758 3411 954 3492 angulorum
969 3412 1002 3473 ln
1022 3412 1125 3475 tribus
1141 3410 1335 3476 flexionibus

260 3521 448 3591 necessario
472 3540 537 3584 non
562 3523 680 3585 debeat
701 3521 789 3594 fieri,
811 3522 878 3584 lam
902 3522 1162 3584 demonstratum
1186 3528 1248 3586 est.

302 3631 394 3706 Quod
415 3637 527 3694 autem
549 3632 677 3711 species
699 3632 1005 3711 augmentationum
1022 3631 1333 3712 comprehensarum

260 3760 329 3805 non
351 3740 535 3822 suscipiunt
551 3740 695 3821 aliquam
712 3742 751 3803 de
770 3740 904 3821 prolatis
921 3741 1162 3815 controversiis,
1174 3740 1334 3823 ‚poaslbils

261 3858 311 3914 est
333 3850 480 3931 dignosci
504 3870 562 3931 per
583 3851 749 3931 praedicta
768 3858 871 3932 etper
887 3869 1025 3931 eaquae
1042 3856 1115 3931 post
1130 3852 1333 3923 disserimus;

260 3971 291 4024 et
312 3981 354 4024 ue
378 3960 589 4042 prolongetur
611 3980 736 4035 sermo,
760 3979 836 4024 cum
852 3963 925 4023 'iam
950 3968 1134 4042 praetaxata
1155 3962 1333 4026 habeamus

261 4070 423 4151 principia
446 4070 639 4144 llexionum,
663 4087 748 4152 quae
770 4072 954 4134 debuerant
971 4070 1145 4153 praeponi,
1165 4072 1261 4136 decet
1279 4086 1352 4136 nos·
