3278 5364
1292 535 1342 617 er
1457 518 1460 525 '

258 645 306 706 do
328 643 423 705 etet
446 648 549 716 recte,
573 658 752 721 quousque
763 641 945 720 iungantur
960 660 1036 704 cum
1055 643 1185 706 duabus
1201 662 1337 724 perpen-

258 752 469 815 dicularibus
486 752 681 815 cadentibus
703 769 803 832 super
819 754 861 813 ab
880 769 899 815 a
914 753 1045 831 punctis
1060 771 1091 828 e,
1106 769 1125 813 z
1140 769 1239 834 super
1252 772 1337 834 pun·

256 868 326 924 etos
347 865 380 937 b,
396 872 408 923 t
427 911 434 935 ,
457 869 491 924 et
512 859 684 941 copuletur
705 860 795 924 linea
814 861 861 924 lat.
884 863 1028 924 Punctus
1046 879 1124 942 ergo
1137 881 1154 925 e
1168 863 1337 926 videbitur

259 973 295 1032 in
318 971 393 1035 loco
414 973 449 1045 lt,
471 979 505 1034 at
525 977 667 1051 punctus
688 988 708 1030 x
729 971 763 1032 in
787 969 863 1033 loco
884 981 908 1032 t.
931 971 1016 1035 Loca
1030 989 1107 1035 vero
1122 971 1336 1052 apparitionis

262 1067 405 1143 istarum
439 1079 581 1142 duarum
612 1080 796 1142 formarum
827 1087 906 1142 sunt
935 1080 971 1140 in
1006 1079 1154 1159 partibus
1185 1079 1272 1155 illis,
1298 1080 1334 1141 in

260 1188 384 1268 quibus
407 1193 488 1249 suut
508 1186 593 1249 duae
616 1204 668 1250 res
691 1203 788 1265 rere3
817 1187 1028 1267 protrahatur
1050 1194 1160 1250 autem
1187 1187 1277 1251 linea
1298 1205 1336 1252 ez

260 1304 364 1369 recte5
385 1313 558 1376 quousque
580 1296 768 1375 pervenerit
787 1314 807 1356 z
828 1297 870 1360 ad
892 1297 924 1372 lc,
941 1302 980 1359 et
1000 1296 1199 1376 refringatur
1220 1297 1337 1360 aeta

260 1413 385 1486 puncto
403 1407 426 1467 d
448 1405 490 1467 ad
510 1404 667 1484 aequales
682 1405 821 1484 angulos
843 1405 956 1468 radius
969 1407 1056 1484 dal,
1081 1414 1113 1469 et
1127 1405 1337 1489 protrahatur

260 1516 353 1581 linea
372 1520 429 1594 dp,
450 1533 626 1595 quousque
647 1516 806 1595 iungatur
827 1534 905 1579 cum
926 1515 1192 1596 perpendiculari
1208 1516 1338 1580 cadenti

262 1635 425 1708 apunoto
447 1628 466 1688 t
492 1643 594 1706 super
612 1633 775 1707 punctum
809 1628 820 1688 l
854 1626 887 1688 in
911 1626 1001 1689 linea
1030 1645 1088 1708 ap.
1121 1626 1239 1690 Forma
1259 1645 1336 1708 ergo

260 1754 346 1818 quae
368 1737 545 1829 apparebat
561 1754 664 1816 penes
682 1746 707 1810 t,
729 1737 887 1798 translata
908 1741 959 1799 ast
981 1737 1023 1799 ad
1037 1739 1063 1813 l,
1076 1744 1119 1799 et
1135 1736 1219 1800 haec
1235 1729 1336 1800 trans·

259 1844 341 1908 latio
367 1845 405 1908 ut
430 1845 473 1908 ad
493 1852 637 1925 partem,
664 1845 699 1907 in
722 1862 788 1924 qua
810 1844 967 1907 translata
988 1851 1037 1908 est
1058 1863 1111 1908 res
1132 1863 1225 1921 vera,
1246 1845 1337 1910 vide·

260 1953 344 2018 lieet
373 1973 413 2029 x,
444 1970 529 2034 quae
556 1953 714 2017 translata
741 1961 792 2017 est
816 1954 859 2017 ad
886 1952 998 2017 locum
1020 1957 1052 2016 t.
1089 1955 1124 2016 Si
1145 1973 1222 2034 ergo
1236 1955 1335 2034 ¹verbi

259 2064 364 2144 gratia
377 2063 718 2138 animadverterimus,
735 2064 824 2143 quod
837 2080 1058 2144 unaquaeque
1076 2065 1116 2128 de
1130 2065 1176 2128 xlc
1189 2074 1223 2128 et
1237 2065 1277 2144 ὁρ
1293 2064 1337 2126 sit

264 2191 367 2254 supra
386 2173 511 2246 usum,
531 2173 639 2235 forma
660 2172 776 2252 utique
806 2176 833 2236 tt
857 2173 1029 2254 apparebit
1052 2174 1273 2255 insuperiori
1295 2175 1336 2236 ab

249 2281 363 2363 oculo
381 2289 496 2364 parte,
519 2289 553 2345 et
572 2282 737 2345 videbitur
767 2282 832 2346 hoe
857 2281 1063 2346 concordans
1084 2283 1134 2346 rei
1155 2301 1242 2364 quae
1261 2300 1337 2347 vere

262 2391 402 2466 videtur,
423 2396 458 2454 et
479 2399 615 2471 apparet
644 2394 734 2472 quod
755 2391 936 2455 sublimius
958 2411 1059 2473 supra
1087 2396 1119 2456 et
1145 2393 1235 2473 quod
1257 2393 1309 2455 ini
1327 2426 1338 2439 ·

262 2501 333 2564 rius
355 2501 483 2565 subrue
506 2502 568 2563 Res
590 2502 681 2564 enim
702 2519 787 2581 quae
809 2509 897 2564 recte
920 2508 1087 2582 apparent,
1105 2502 1334 2579 devidentur,

260 2610 417 2674 videlieet
438 2610 527 2689 quod
554 2627 699 2673 aureum·
717 2627 868 2685 sursum,
890 2617 923 2673 et
949 2611 1037 2691 quod
1065 2610 1220 2674 deorsum
1242 2612 1337 2675 deor·

261 2738 348 2782 sum.
364 2717 514 2782 visibilis
536 2719 628 2782 enim
650 2718 764 2783 radius
779 2713 956 2787 sublimior
969 2718 1057 2782 videt
1075 2721 1165 2800 quod
1186 2737 1337 2792 sursum,

261 2829 401 2892 inferior
417 2829 636 2892 autemvidet
649 2830 740 2908 quod
756 2829 926 2908 deorsum3
942 2836 974 2893 et
994 2830 1023 2893 si
1042 2830 1337 2919 existimaverimus

261 2956 534 3019 unamquamque
562 2938 602 3001 de
635 2939 694 3012 lta,
729 2939 745 2999 b
751 2957 771 3017 q
804 2956 824 3001 a
850 2940 973 3002 dextris
997 2939 1106 3015 visus,
1129 2940 1193 3004 erit
1216 2941 1337 3004 iterum

260 3049 368 3112 forma
385 3050 412 3110 tl
432 3046 469 3110 in
484 3048 597 3112 dextra
611 3055 712 3128 parte,
727 3055 759 3111 et
775 3049 991 3112 transferetur
1011 3059 1021 3111 t
1046 3049 1087 3113 ad
1108 3051 1119 3111 t
1140 3049 1175 3113 iu
1192 3050 1338 3113 dextram

259 3165 398 3238 partem.
427 3157 550 3221 'lamen
579 3159 748 3239 putabitur
777 3159 867 3237 quod
893 3158 999 3221 forma
1030 3161 1041 3221 l
1073 3160 1117 3222 sit
1143 3159 1274 3230 dextra,
1300 3166 1335 3221 et

262 3269 368 3332 forma
391 3279 403 3332 t
423 3268 570 3346 sinistra3
594 3264 705 3331 rerum
727 3269 817 3330 enim
839 3283 925 3348 quae
946 3275 1033 3331 recte
1050 3277 1209 3348 apparent
1223 3269 1335 3341 facies,

262 3392 340 3442 cum
354 3379 483 3443 fuerint
497 3378 668 3458 oppositae
683 3376 780 3439 faciei
794 3384 924 3439 nostrae
940 3377 1197 3457 aequidistantes
1213 3368 1253 3451 ei,
1266 3394 1334 3440 non

258 3489 300 3552 -flt
321 3489 406 3551 situs
428 3489 558 3551 dextrae
581 3504 709 3560 aarum,
732 3487 854 3560 dexter,
875 3502 937 3549 nea
952 3485 1106 3549 sinistrae
1122 3485 1266 3561 sinister,
1279 3476 1337 3548 sed

262 3609 473 3661 econverso.
496 3595 695 3659 Huiusmodi
719 3601 831 3659 autem
853 3595 983 3658 fallacia
1004 3614 1072 3658 non
1095 3604 1144 3658 est
1159 3594 1337 3676 asperula,

262 3708 319 3770 sed
340 3724 379 3770 ex
402 3705 571 3786 opinione.
594 3706 657 3768 Res
680 3721 757 3784 ergo
779 3722 865 3784 quae
887 3705 995 3767 estin
1018 3704 1092 3769 loco
1113 3724 1131 3767 a
1153 3711 1186 3768 et
1206 3705 1338 3767 videtur

261 3835 321 3896 per
340 3817 491 3880 dextrum
513 3815 661 3888 radium,
683 3822 816 3893 apparet
844 3815 1013 3878 in-dextra
1040 3808 1283 3895 parte‘nost'ra,
1306 3822 1338 3876 et

262 3943 338 3989 cum
360 3926 550 3989 movebitur
571 3912 712 4004 punctus
727 3943 761 3997 z,
776 3925 947 4004 apparebit
961 3931 1104 4004 punctus
1121 3933 1132 3985 t
1146 3923 1271 3986 moveri
1288 3941 1338 3985 se-

263 4035 409 4098 cuudum
419 4035 627 4115 sequentiam
641 4032 888 4113 principiorum,
900 4051 984 4112 quae
996 4034 1062 4095 iam
1073 4033 1335 4112 praeposuimus.
