3278 5364
1278 538 1335 601 123

261 654 406 711 nauseet
425 664 485 727 per
506 654 648 726 puntum
670 648 691 709 d
713 646 996 726 perpendicularis
1023 664 1121 728 super
1149 648 1207 722 dd,
1235 654 1268 711 et
1293 647 1337 710 sit

261 759 339 833 tdh,
363 764 395 821 et
412 759 479 821 sint
493 759 577 821 duae
592 757 700 820 lineae
719 758 889 836 oppositae
903 757 1118 836 permutatim
1135 765 1283 822 secantes
1299 776 1336 821 se

259 868 402 931 invicem
424 867 511 943 leda,
535 870 621 937 tdm.
645 867 726 929 Cum
744 867 846 946 igitur
860 868 1129 930 constituerimus
1146 878 1219 930 ztm
1237 886 1339 948 super

258 977 342 1054 lona,
359 979 503 1059 adquae
518 978 702 1057 inspicitur,
714 984 814 1040 erunt
827 984 959 1057 propter
974 978 1139 1059 principia
1150 984 1337 1058 praetaxata

260 1088 367 1151 forma
384 1089 518 1169 quidem
536 1107 554 1150 a
574 1096 855 1170 penespunetum
872 1088 902 1162 ι,
920 1089 1027 1152 forma
1042 1096 1152 1151 autem
1166 1099 1178 1149 t
1191 1106 1293 1169 penes
1306 1090 1336 1165 ι,

261 1205 295 1264 et
314 1199 423 1275 torma
443 1219 476 1261 m
498 1199 533 1260 in
555 1207 679 1279 puncto
701 1200 726 1273 ι,·
749 1197 872 1260 eadunt
894 1199 987 1261 enim
1003 1200 1114 1262 interl
1131 1201 1211 1274 etb,
1228 1199 1337 1262 eterit

261 1290 377 1373 earum
400 1309 555 1373 distantia
572 1309 612 1372 ab
631 1328 645 1370 e
662 1309 772 1371 minor
790 1327 890 1389 quam
908 1310 960 1384 ab,
980 1317 1012 1372 ει
1028 1309 1090 1373 erit
1103 1309 1209 1373 multo
1226 1310 1338 1371 minor

260 1437 365 1500 quern
393 1419 550 1483 distantia
582 1437 695 1495 rerum
727 1420 1084 1501 videndarum-,super
1110 1438 1193 1500 quae
1220 1420 1337 1483 incidit

262 1530 499 1603 reverberatio,
531 1536 568 1592 ut
591 1531 647 1604 ab,
682 1530 752 1605 dnm
782 1537 815 1593 et
840 1530 1054 1594 manifestum
1085 1538 1134 1593 ast
1162 1530 1252 1609 qarod
1278 1548 1336 1593 au·

259 1639 358 1720 gulus
378 1641 460 1716 aba,
481 1658 563 1703 eum
578 1641 679 1703 tuerit
700 1640 825 1702 divisus
847 1642 883 1702 in
906 1641 989 1703 duas
1011 1641 1205 1703 medietates
1224 1658 1283 1721 per
1299 1639 1337 1701 li-

261 1769 359 1815 neam
381 1751 438 1827 td,
461 1752 525 1815 erit
546 1752 585 1814 tt
605 1751 692 1814 sieut
714 1752 759 1815 rt
778 1752 864 1814 et'dt
887 1752 1088 1826 sieutdh,et
1104 1752 1169 1814 erit
1185 1751 1276 1813 linea
1293 1752 1336 1812 da

260 1861 367 1927 maior
387 1878 489 1942 quam
511 1862 567 1938 tt,
589 1864 636 1927 zd
649 1879 727 1925 vero
740 1862 849 1925 maior
860 1862 1031 1940 quamdis,
1045 1869 1077 1925 et
1094 1861 1158 1925 erit
1173 1860 1264 1924 linea
1279 1863 1334 1922 dm

260 1971 372 2035 minor
396 1989 498 2052 quam
521 1972 570 2046 dt,
598 1978 630 2036 et
655 1974 714 2034 md
741 1971 851 2035 minor
878 1989 979 2051 quam
1006 1973 1052 2033 td.
1078 1972 1197 2034 Forma
1222 1989 1298 2050 ergo
1326 1980 1337 2031 t

258 2081 323 2147 erit
336 2099 437 2175 super
453 2090 614 2164 punctum
633 2084 668 2156 t,
687 2090 718 2144 et
734 2083 798 2144 erit
808 2082 1133 2153 distantiautrorum
1151 2082 1334 2161 apunetot
1448 2120 1463 2149 ,

259 2191 420 2272 aequalis.
433 2192 596 2256 Distantia
611 2211 688 2255 vere
697 2193 827 2256 ,formae
843 2211 871 2268 z,
888 2210 972 2272 quae
985 2192 1168 2256 rideturin
1181 2193 1201 2253 t
1214 2191 1334 2266 minor,

262 2311 294 2367 et
314 2302 473 2366 distantia
486 2302 612 2365 termae
627 2321 669 2376 aa,
684 2320 768 2383 quae
784 2302 915 2365 videtur
929 2321 1030 2382 super
1046 2305 1072 2379 l,
1089 2304 1204 2365 maior.
1227 2302 1336 2365 Mani-

260 2413 382 2478 festum
403 2419 453 2476 eet
473 2432 561 2493 ergo,
581 2415 807 2493 quadrarum,
826 2431 968 2493 quarum
991 2413 1148 2477 distantia
1163 2414 1333 2476 abeodem

261 2523 334 2589 usu
355 2531 509 2604 augetur,
536 2530 594 2588 aut
618 2540 761 2604 quarum
788 2524 943 2586 distantia
969 2526 1077 2587 maior
1095 2530 1156 2598 est,
1180 2523 1335 2586 distantia

258 2633 373 2714 utique
393 2634 577 2698 formarum
610 2652 630 2697 a
661 2636 736 2696 visu
769 2641 919 2714 augetur,
946 2642 1124 2698 nutarunt
1149 2635 1184 2696 in
1213 2634 1333 2696 maiori

257 2734 423 2814 distantia.
446 2746 527 2809 Cum
551 2744 708 2807 distantia
734 2744 825 2813 enim
847 2745 962 2825 puncti
983 2765 1003 2808 z
1025 2763 1045 2807 a
1064 2745 1139 2809 visu
1160 2745 1203 2806 sit
1224 2743 1332 2808 maior

258 2871 360 2935 quam
386 2854 561 2918 distantiae
592 2853 797 2933 reliquarum
820 2873 946 2929 rerum,
979 2855 1109 2918 videtur
1129 2855 1237 2918 forma
1258 2854 1331 2915 eius

260 2963 435 3042 nemetiam
458 2981 603 3045 eumque
622 2983 675 3028 res
691 2966 846 3038 videnda,
862 2982 947 3044 quaa
964 2973 1014 3028 est
1027 2983 1130 3046 penes
1146 2985 1188 3040 m,
1204 2966 1248 3027 sit
1261 2983 1335 3044 pro·

260 3075 417 3154 pinquior
437 3075 534 3151 visui,
552 3075 637 3138 facta
652 3082 703 3138 est
717 3075 823 3138 torma
838 3075 921 3150 eius,
941 3094 1026 3156 quae
1045 3081 1095 3138 est
1108 3093 1209 3154 penes
1226 3076 1245 3149 t,
1263 3092 1334 3156 pro·

259 3185 417 3267 pinquior
442 3185 582 3265 reliquie
610 3185 737 3248 formis.
763 3185 972 3248 Manifestum
999 3192 1049 3247 est
1075 3185 1177 3264 igitur
1205 3203 1243 3249 ex
1263 3185 1334 3264 hie,

258 3297 349 3376 quod
370 3313 446 3359 eum
469 3296 626 3361 distantia
646 3297 695 3359 rei
715 3295 877 3358 videndae
900 3314 967 3359 non
990 3296 1091 3359 fuerit
1107 3297 1219 3358 minor
1232 3313 1333 3375 quam

244 3405 418 3470 ‚distantia
431 3405 539 3469 lineae
554 3407 758 3470 transeuntis
772 3413 996 3486 parcentium
1012 3405 1184 3487 sphaerae,
1195 3406 1254 3468 sad
1263 3406 1335 3494 iue-

259 3517 328 3581 rint
343 3535 394 3581 res
410 3517 482 3598 ipsa
498 3523 532 3580 et
549 3516 720 3597 speculum
737 3517 772 3579 in
788 3519 903 3581 eadem
918 3523 1009 3598 parte
1025 3517 1066 3580 ab
1081 3517 1153 3596 ipse
1168 3517 1267 3592 linea,
1283 3536 1335 3581 res

261 3631 381 3707 utique·
393 3646 469 3691 vera
483 3645 615 3708 semper
628 3628 764 3691 habehit
778 3628 943 3691 minorem
954 3627 1143 3691 distantiam
1157 3627 1335 3708 aspeeulo,

261 3754 362 3819 quun
383 3739 490 3802 terma
511 3738 596 3802 sius.
621 3739 701 3802 Cum
724 3740 806 3802 situs
830 3739 922 3802 enim
943 3738 1056 3813 tuerit,
1074 3740 1160 3802 sieut
1175 3739 1335 3814 diximus,

261 3849 368 3919 terma
389 3866 502 3912 rerum
524 3848 758 3925 videndarum,
787 3851 947 3913 remetior
968 3851 1031 3913 erit
1052 3869 1072 3913 a
1093 3850 1230 3931 aphera;
1252 3857 1286 3913 et
1307 3849 1336 3911 si

261 3959 367 4025 tuerit
386 3977 440 4024 res
460 3959 605 4023 videnda
624 3967 711 4024 retro
729 3960 865 4037 lineam,
879 3978 964 4040 quae
981 3961 1100 4024 transit
1112 3979 1173 4041 per
1186 3968 1337 4025 centrum

262 4069 438 4152 sphaerae,
460 4089 512 4136 res
536 4090 603 4137 nou
626 4089 662 4135 se
684 4071 820 4136 habehit
841 4073 926 4137 sieut
949 4071 1102 4135 diximus.
