3278 5364
283 552 342 617 tto

281 666 366 728 llinc
387 684 463 747 ergo
483 682 538 731 res
564 682 647 747 quae
669 664 800 729 suntin
823 682 925 746 aqua,
951 681 1083 747 semper
1106 660 1227 729 debent
1248 662 1353 730 videri

280 775 431 849 maiores.
455 794 554 857 quam
576 778 604 838 si
626 776 814 840 viderentur
833 776 869 839 in
892 777 1008 839 eadem
1024 775 1178 869 distantia
1192 784 1225 841 et
1243 778 1276 839 in
1296 784 1350 841 ea·

281 888 357 949 dem
380 888 556 968 positione,
580 894 613 950 et
635 888 857 968 aspicerentur
878 887 1010 951 directe.

324 997 388 1059 Sed
417 1015 493 1060 cam
522 1016 575 1060 res
603 1016 621 1060 e
652 1014 808 1060 converso
837 1014 936 1076 quam
954 998 1103 1061 diximus
1125 1014 1160 1060 se
1182 996 1355 1072 hebuerit,

281 1113 423 1187 ponatur
442 1108 538 1171 ilario
559 1110 605 1171 dc
628 1109 692 1187 (Μ.
708 1107 784 1183 sot)
807 1114 840 1170 et
852 1110 896 1186 dp
912 1107 1082 1171 declinans
1095 1116 1209 1171 versus
1226 1114 1355 1189 partem

281 1217 570 1298 perpendicularis,
584 1219 669 1281 sicut
682 1217 800 1282 accidit
814 1236 890 1281 cum
904 1217 995 1280 visne
1011 1218 1108 1281 irretit
1124 1226 1248 1298 aparte
1265 1234 1356 1298 gros-

281 1329 378 1390 sioris
405 1331 559 1409 corporis.
592 1330 670 1393 Cum
702 1346 778 1409 ergo
803 1326 1065 1409 copulaverimus
1088 1327 1192 1391 lineas
1213 1330 1272 1405 ds,
1295 1330 1356 1404 dt,

282 1439 345 1500 erit
367 1437 506 1518 angerius
519 1442 593 1502 adit
613 1440 721 1503 maior
741 1456 840 1519 quam
862 1438 999 1519 angulus
1014 1441 1099 1520 adp,
1117 1447 1151 1504 et
1164 1438 1242 1504 ideo
1258 1439 1357 1504 dehet

283 1549 389 1612 videri
412 1568 464 1613 res
486 1568 563 1613 vera
584 1552 691 1613 maior
712 1566 811 1629 quam
833 1549 948 1613 forma.

325 1661 446 1722 Romus
468 1667 566 1723 erunt
587 1661 711 1723 formae
730 1660 765 1721 in
781 1660 885 1739 ligura
899 1658 1027 1722 similes
1042 1659 1155 1740 liguris
1168 1678 1283 1724 retum
1298 1678 1356 1724 re-

281 1789 392 1833 ramm
415 1769 509 1833 aliter
530 1770 711 1834 secundom
735 1772 822 1851 quod
840 1770 946 1844 decet,
964 1769 1117 1833 videlicet
1135 1771 1224 1851 quod
1241 1770 1356 1834 radius

283 1885 346 1946 dae
368 1883 439 1961 (fip.
462 1881 545 1956 diat
576 1889 607 1943 et
628 1881 739 1944 radius
761 1882 827 1943 dis
854 1887 885 1943 et
907 1879 1018 1942 radius
1040 1882 1127 1959 cipit,
1155 1898 1231 1944 cum
1252 1900 1357 1945 unus·

284 1992 422 2071 quisque
436 1992 542 2055 'iuemt
563 1992 665 2054 ilexus
686 2008 798 2055 versus
820 1998 947 2071 partem
969 1991 1204 2071 magnitudinis
1222 1992 1301 2067 etit,
1326 2000 1358 2055 et

284 2103 406 2165 inerint
428 2104 603 2184 productae
626 2100 911 2183 perpendiculares
932 2111 985 2177 et,
1008 2101 1071 2178 xlc,
1092 2103 1151 2176 tt,
1179 2109 1212 2165 et
1233 2100 1357 2165 iterum

285 2220 463 2292 protractae
486 2212 609 2276 luerint
630 2213 736 2276 lineae
758 2215 861 2287 dam,
885 2213 975 2287 dia,
999 2215 1084 2290 ripa,
1113 2212 1356 2293 sarmentique

285 2322 392 2386 lineae
414 2326 481 2386 ezlt
508 2324 569 2387 erit
596 2342 696 2404 super
725 2323 846 2386 lineam
875 2323 1106 2403 quae-transit
1134 2340 1193 2402 per
1214 2330 1355 2404 punctos

284 2453 377 2509 mas,
399 2441 433 2496 et
455 2434 517 2497 erit
537 2435 704 2515 proportio
727 2443 774 2496 tm
796 2434 836 2496 ad
851 2433 896 2495 lta
912 2433 996 2495 sicut
1012 2432 1178 2513 proportio
1193 2443 1226 2495 et
1239 2434 1283 2496 'ad
1299 2432 1356 2507 sit,

285 2553 316 2605 st
345 2545 509 2625 proportio
532 2544 578 2606 lta
602 2545 642 2607 ad
663 2546 693 2606 sl
722 2545 806 2607 sicut
831 2543 994 2623 proportio
1017 2544 1059 2604 lte
1079 2543 1122 2607 ad
1143 2544 1202 2617 tt,
1226 2552 1259 2606 et
1280 2540 1354 2624 pro·

285 2654 389 2733 portio
411 2665 458 2716 tm
479 2655 519 2717 ad
539 2656 571 2717 sl
592 2655 676 2716 sicut
699 2654 864 2734 proportio
886 2663 921 2715 et
942 2654 982 2714 ad
1004 2655 1051 2715 lit.
1075 2652 1234 2715 Similiter
1254 2652 1356 2716 etiam

287 2765 348 2826 erit
362 2766 395 2826 in
412 2766 575 2827 universis
590 2765 761 2845 speciebus
776 2764 964 2844 positionis,
983 2780 1058 2825 cum
1074 2763 1164 2826 enim
1179 2772 1357 2843 augmenta

256 2887 333 2955 ‚aa
355 2875 410 2951 its,
433 2878 472 2938 tt
493 2877 696 2937 constituunt
719 2883 884 2954 aspectum
908 2872 1015 2936 lineae
1032 2876 1098 2935 μὴ
1120 2874 1356 2965 tamquam're·

287 2995 357 3048 ctae
380 2985 505 3060 lineae,
529 2994 792 3065 augmentarat,
816 2983 879 3057 lta,
902 2984 933 3045 sl
956 2985 1159 3046 constituunt
1184 2958 1353 3064 aspectum

285 3096 411 3172 lineae,
434 3114 517 3176 quas
540 3097 655 3158 transit
677 3115 735 3177 per
757 3105 892 3177 punctos
914 3114 993 3157 ctas
1015 3102 1150 3156 rectum.

328 3208 359 3270 st
372 3226 449 3271 vero
459 3207 708 3288 praenominata
720 3212 893 3286 augmenta
903 3205 1133 3268 constituerint
1143 3203 1270 3267 lineam
1281 3222 1355 3268 cur·

287 3337 381 3396 vam,
410 3319 473 3381 ista
501 3321 704 3382 constituunt
725 3321 843 3381 iterum
866 3323 1032 3396 aspectum
1055 3315 1179 3378 formae
1202 3332 1359 3394 curvum;

286 3430 375 3510 quod
397 3431 424 3491 si
447 3428 506 3492 illa
528 3429 756 3492 constituerint
776 3428 899 3490 lineam
921 3444 1111 3501 concavam,
1134 3425 1217 3489 haec
1233 3424 1356 3489 iterum

287 3542 491 3604 constduunt
512 3548 679 3622 aspectum
701 3540 825 3602 formae
848 3554 1036 3601 concavum.

329 3651 486 3714 Similiter
513 3669 644 3732 quoque
675 3649 790 3712 accidit
804 3640 824 3724 ‚'
845 3649 873 3710 si
899 3647 1105 3728 posuerimus
1134 3645 1294 3711 flexiones
1316 3645 1356 3710 ad

288 3770 413 3843 partem
441 3760 715 3844 perpendicularis
738 3760 855 3822 autad
877 3759 1037 3821 diversam
1058 3756 1107 3819 illi
1134 3763 1285 3855 partem,
1307 3774 1356 3821 se·

288 3872 431 3935 cundum
455 3872 543 3953 quod
565 3881 615 3935 cst
635 3874 669 3934 in
693 3872 797 3951 ligura
822 3870 883 3948 (dp.
907 3870 993 3943 atat.

330 3983 364 4045 Si
387 4000 463 4046 vero
485 3984 676 4064 perscrutati
699 3982 857 4044 fuerimus
879 3980 1079 4043 diversitates
1098 3978 1221 4058 positas
1239 3994 1356 4041 secun·

290 4094 368 4157 dnm
390 4094 600 4176 praedictum·
615 4093 751 4156 modum
773 4109 830 4172 per
851 4107 923 4167 ves,
945 4090 1039 4152 cuias
1055 4089 1159 4168 ligura
1173 4087 1298 4152 similis
1310 4095 1357 4153 est
