3278 5364
1220 466 1254 531 r'x

140 619 263 700 subito
290 621 388 701 last
353 632 499 724 stampe
525 620 607 716 ohe,
624 649 689 724 per
716 622 751 701 la
780 620 960 700 difficolta
987 619 1087 699 della
1114 620 1255 727 lingua

139 740 253 820 riuser
280 739 542 820 fatieosissima
570 767 590 819 e
622 740 747 846 lunga.

188 857 314 936 Intant
301 868 337 934 to
356 855 468 935 lEdit
455 867 534 935 tore
553 868 671 935 stesso
690 856 833 935 andare
852 855 1043 936 ril’aeendo
1062 857 1097 935 le
1117 856 1254 962 figure,

139 972 173 1053 le
199 975 301 1077 quali
329 975 368 1055 in
396 1002 558 1054 nessuno
586 975 647 1054 dei
676 974 843 1055 Codioia
870 975 925 1054 lui
946 974 1026 1054 noti
1048 979 1255 1056 s'aooorda-

139 1121 233 1172 vano
261 1107 508 1173 esattamente
536 1093 595 1172 ool
623 1107 732 1191 testo,
760 1093 937 1195 operolre
956 1093 990 1173 le
1010 1122 1138 1174 avesse
1167 1095 1256 1174 sha-

140 1213 252 1318 gliate
280 1213 307 1292 il
342 1214 548 1293 traduttore
584 1214 717 1312 arabo,
754 1240 775 1290 0
813 1213 949 1316 perche
984 1214 1124 1293 fossero
1158 1225 1266 1294 state.

140 1330 317 1411 slormate
346 1332 445 1440 dagli
473 1331 708 1412 amanuensi.

188 1453 242 1531 Fu
270 1466 415 1554 questo,
434 1452 494 1532 del
514 1453 707 1532 rioostruir
725 1454 760 1532 le
780 1453 913 1557 figure,
935 1483 986 1533 un
1006 1451 1132 1534 lavoro
1152 1482 1254 1534 som·

141 1585 330 1651 mamente
356 1599 497 1675 penoso
524 1598 589 1674 per
615 1572 806 1652 l'osourita
836 1573 898 1652 del
927 1583 1022 1652 testo
1056 1600 1077 1652 e
1113 1601 1178 1676 per
1204 1574 1256 1679 gli

140 1691 253 1770 errori
280 1690 456 1771 inoorsivi
483 1691 583 1771 nella
610 1691 860 1772 oollooazione
890 1691 988 1770 delle
1016 1691 1159 1771 lettere.

188 1812 280 1890 Pare
308 1809 377 1891 ohe
404 1839 499 1890 aneo
525 1811 552 1891 il
582 1812 714 1891 Risner
731 1813 962 1893 inoontrasse
982 1812 1017 1891 le
1045 1812 1255 1892 medesime

142 1928 319 2009 diffreolta
354 1932 506 2032 quando
552 1931 649 2010 volle
689 1930 907 2034 pubblioare
940 1931 1195 2011 l’Alltozeoe
1229 1931 1256 2012 il

146 2049 293 2139 Wtrelo,
320 2047 454 2148 poiolre
476 2045 575 2125 nella
590 2045 804 2126 Prelazione
824 2045 898 2124 alla
916 2045 1036 2148 prima
1065 2046 1104 2125 di
1123 2061 1255 2150 queste

141 2191 251 2266 opere
287 2163 361 2268 egli
398 2164 497 2244 dioe:
533 2199 549 2236 «
576 2164 749 2266 Denique
783 2163 924 2270 figuras
963 2165 1137 2244 omnium
1170 2194 1257 2267 pro-

148 2283 411 2386 «positionum
431 2285 477 2363 de
497 2285 642 2392 integro
671 2284 901 2364 conformavi
927 2319 943 2356 o
975 2311 995 2363 e
1032 2285 1134 2363 nella
1164 2287 1255 2366 Pre-

142 2402 282 2482 lazione
309 2403 517 2482 dell’altra:
552 2437 569 2475 o
598 2404 672 2484 Sed
701 2415 846 2506 praeter
872 2403 997 2482 literas
1025 2404 1065 2483 in
1094 2404 1256 2483 demon·

147 2522 426 2611 «strationihus
461 2525 716 2626 transpositae,
746 2536 891 2626 praeter
920 2550 1029 2602 vooes
1056 2522 1255 2625 plurimae,

146 2655 326 2746 «praeter
364 2643 480 2722 etiam
511 2654 607 2723 totas
642 2643 847 2722 sententias
882 2643 1058 2737 omissas,
1101 2643 1255 2747 ligurae,

145 2796 162 2832 u
181 2789 277 2865 quae
305 2791 371 2865 per
397 2789 436 2841 se
455 2762 536 2842 sine
555 2762 695 2857 literis,
714 2761 796 2842 sine
816 2762 984 2858 vocibus,
1005 2762 1088 2841 sine
1107 2762 1255 2866 seriptis

145 2882 390 2978 «sententiis
418 2910 498 2961 rem
526 2895 699 2984 poterant
724 2881 950 2987 intelligenti
976 2881 1255 2978 demonstrare,

146 3001 378 3104 «pleraeque
398 3016 506 3080 erant
534 3001 633 3080 male
654 3001 847 3106 figuratae,
871 3029 942 3081 neo
963 3002 1254 3081 demonstratio·

146 3156 162 3193 «
181 3120 293 3201 nibus
311 3136 571 3226 congruentes,
591 3134 629 3200 et
648 3123 750 3224 quod
772 3121 886 3201 etiam
916 3121 1062 3201 foedius
1082 3133 1149 3211 est,
1178 3147 1255 3200 non

144 3272 161 3313 e
179 3239 268 3335 suis,
279 3241 345 3320 sed
359 3240 491 3320 alienis
504 3241 747 3320 theorematis
762 3240 911 3343 saepius
926 3241 1253 3320 accommodatae:

147 3394 161 3428 «
180 3359 219 3439 in
237 3360 466 3462 quibusdam
486 3359 730 3455 theorematis
751 3360 879 3439 nullae
906 3359 1062 3438 omnino
1090 3359 1254 3438 fuerunt.

146 3509 162 3549 u
179 3479 335 3582 Figuras
351 3479 465 3584 igitur
484 3480 676 3559 universas
692 3479 737 3558 de
752 3479 899 3585 integro
916 3478 1157 3568 conformavi,
1177 3493 1256 3557 stu·

147 3598 358 3700 odioseque
377 3601 446 3704 egi,
474 3625 522 3678 ne
549 3627 622 3700 qua
641 3600 799 3679 istarum
825 3598 1082 3678 offensionum
1107 3624 1255 3677 remora

145 3749 160 3787 u
178 3731 304 3820 posset
322 3717 360 3796 in
379 3715 571 3820 reliquum
590 3717 729 3820 optines
748 3718 937 3798 studiosos
962 3718 1144 3797 remorari
1172 3752 1205 3793 o.

188 3835 384 3938 Compiuto
411 3835 439 3914 il
457 3835 614 3940 disegno
642 3837 741 3916 delle
761 3836 882 3942 figure
911 3836 1027 3939 (delle
1052 3834 1153 3939 quali
1181 3837 1255 3918 due

140 3955 216 4036 sole
234 3982 311 4033 non
327 3955 357 4034 si
377 3968 545 4047 trovano,
570 3954 676 4045 forse,
696 3955 892 4036 d'aoeordo
914 3956 973 4036 ool
991 3968 1100 4051 testo,
1116 3957 1254 4058 perohe

141 4072 175 4154 di
203 4086 335 4181 questo
363 4102 439 4153 non
461 4074 499 4154 lu
519 4074 696 4179 possibile
719 4074 917 4155 intendere
936 4075 963 4154 il
982 4080 1109 4176 senso)
1130 4102 1150 4155 e
1171 4103 1253 4161 eor·
