3278 5364
263 580 300 637 ib

260 694 327 748 etos
350 685 497 764 ungulae,
521 693 674 764 quaeest
695 687 775 759 aaz,
801 686 968 766 apparebit
982 704 1204 766 unaquaeque
1220 704 1333 751 rerum

258 797 436 874 positarum
459 812 559 874 super
573 794 659 857 hano
678 794 817 868 lineam,
840 812 916 856 euru
938 795 982 855 sit
1002 813 1103 875 super
1123 804 1226 876 eaput
1247 815 1331 875 pun-

259 905 302 965 eti
324 906 358 978 d,
386 921 455 965 una
476 904 512 965 in
534 902 606 966 loeo
630 921 696 982 quo
720 910 778 965 est.
813 904 893 964 Cum
915 911 1027 966 autem
1049 905 1211 984 producta
1232 906 1332 967 luerit

259 1013 347 1075 linea
369 1013 433 1073 btlc
456 990 681 1092 aequidistans
704 1010 813 1074 lineae
829 1015 894 1074 eelz
917 1020 950 1074 et
964 1014 1088 1075 luerint
1102 1015 1169 1076 duo
1185 1032 1262 1076 axes
1278 1032 1333 1094 op-

195 1115 202 1127 '
258 1123 356 1202 positi
378 1130 498 1202 puneto
520 1125 554 1195 d,
576 1140 629 1184 res
653 1139 737 1201 quae
752 1129 919 1202 estsuper
935 1129 1095 1201 punctum
1118 1134 1143 1197 t,
1167 1125 1333 1186 videbitur

258 1233 292 1292 iu
316 1233 446 1293 duobus
464 1231 561 1305 loeis,
576 1232 633 1310 qni
649 1239 729 1293 sunt
742 1233 780 1305 t,
796 1232 825 1293 t.
849 1233 939 1294 Duae
956 1241 1069 1294 autem
1084 1233 1332 1312 magnitudines

258 1343 383 1420 positae
405 1341 440 1401 in
463 1340 516 1401 his
539 1340 670 1402 duobus
693 1340 798 1414 loeis,
824 1339 1021 1402 videbuntur
1043 1343 1077 1402 in
1102 1341 1208 1403 tribus
1230 1341 1333 1415 loeis,

260 1453 317 1529 qui
350 1457 429 1512 sunt
458 1450 571 1528 puncti
599 1453 677 1512 tim.
710 1451 747 1511 ln
775 1457 899 1528 puncto
927 1451 1063 1529 quidem
1090 1461 1103 1512 t
1130 1452 1334 1530 apparebunt

260 1567 420 1637 utraeque
444 1556 582 1620 insimul
604 1564 772 1638 tamqnam
795 1559 823 1618 si
841 1566 951 1621 essent
966 1577 1035 1620 nna
1049 1577 1117 1636 res;
1135 1559 1335 1621 videbuntur

261 1675 370 1729 autern
386 1666 598 1746 disgregatae,
612 1668 634 1728 ir
648 1667 781 1745 quidem
797 1667 1131 1745 superponerentur
1144 1685 1222 1730 vero
1235 1686 1333 1747 snper

261 1784 423 1856 punetum
438 1795 484 1849 tu,
503 1782 536 1839 et
552 1775 716 1837 videbitur
733 1793 954 1854 unaquaeque
973 1777 1013 1839 de
1032 1778 1074 1850 tt,
1093 1784 1126 1839 et
1142 1778 1184 1839 de
1200 1788 1264 1849 tm,
1278 1794 1334 1840 ae-

261 1885 370 1964 qualis
387 1885 447 1960 bia·
470 1897 502 1947 et
523 1885 551 1945 si
574 1884 784 1963 posuerimus
800 1890 957 1963 utrosque
973 1903 1047 1948 axes
1063 1887 1233 1965 oppositos
1248 1904 1333 1966 pun÷

262 2004 313 2056 eto
337 2004 362 2068 t,
385 1993 571 2056 videbimus
595 2001 675 2056 tuno
696 1994 716 2053 d
738 2010 839 2071 super
859 2000 999 2072 punctos
1021 2014 1049 2067 e,
1071 2014 1097 2056 s.
1222 1982 1227 1991 ’

303 2106 340 2164 Et
361 2104 450 2183 quod
472 2102 605 2165 numeri
627 2102 767 2164 istorum
782 2110 942 2181 apparent
956 2109 994 2164 ut
1008 2103 1162 2176 diximus,
1177 2104 1333 2184 possibile

263 2222 312 2274 est
328 2211 379 2272 illi
395 2213 611 2290 perpendere,
626 2211 686 2290 qui
701 2211 886 2290 experietur
901 2211 976 2285 hoo,
990 2230 1049 2292 per
1063 2212 1225 2292 regulam,
1237 2232 1334 2295 super

263 2339 364 2401 quam
376 2320 499 2383 tuerint
509 2321 574 2381 duo
584 2318 738 2399 cylindri.
749 2319 811 2392 Qui
819 2339 895 2383 vero
905 2319 1130 2384 volueritvere
1138 2341 1335 2402 cognoscere

263 2431 337 2492 looa
358 2448 489 2500 eorum,
512 2428 682 2507 dignoscet
700 2446 740 2490 ea
754 2447 812 2508 per
829 2431 1028 2509 positionem
1043 2430 1136 2509 digiti
1150 2449 1253 2511 super
1267 2452 1334 2497 rem

265 2539 449 2601 videndam.
473 2539 600 2617 Digitus
623 2537 713 2599 enim
736 2538 824 2599 eadit
846 2556 948 2618 super
966 2557 1036 2601 rem
1053 2541 1249 2617 subiectam,
1261 2559 1337 2605 oum

269 2646 459 2729 apparuerit
480 2648 514 2707 in
539 2645 612 2708 loco
627 2646 691 2707 sibi
710 2647 860 2727 proprio,
878 2655 910 2709 et
924 2665 1001 2710 oum
1016 2666 1083 2711 non
1098 2648 1250 2711 fueritin
1267 2649 1337 2712 loeo

266 2756 329 2818 sibi
351 2755 502 2836 proprio,
524 2773 592 2816 non
622 2755 709 2816 oadit
737 2773 837 2836 super
864 2773 939 2818 eam
967 2756 1105 2834 digitus,
1134 2758 1193 2820 sed
1220 2759 1339 2821 recedit

265 2863 352 2927 nihil
367 2864 412 2925 ibi
429 2864 610 2926 inveniens.
629 2862 768 2925 Causam
785 2864 921 2943 quidem
936 2865 1133 2928 diversitatis
1147 2884 1250 2945 quam
1265 2885 1337 2947 pro·

266 2989 496 3054 posueramus,
519 2972 730 3051 exposuimus
752 2973 787 3034 in
811 2972 871 3035 illo
894 2971 978 3047 loeo,
993 2981 1027 3036 et
1041 2975 1336 3039 demonstravimus

265 3081 416 3162 pluribus
434 3081 557 3154 modis,
574 3081 726 3144 videlieet
744 3100 821 3144 oum
837 3083 1059 3162 opinabamur
1070 3084 1111 3146 de
1125 3084 1237 3160 rebus,
1252 3102 1336 3165 quae

266 3210 343 3253 oum
365 3192 515 3270 utrisque
539 3190 645 3254 oculis
667 3191 820 3252 videntur
841 3192 989 3253 insimul.

307 3300 386 3364 lllae
409 3300 561 3381 quidem,
584 3318 669 3379 quae
693 3300 900 3379 aspiciuntur
922 3318 981 3380 per
1001 3302 1112 3364 radios
1133 3302 1251 3366 ordine
1266 3321 1338 3368 oon·

267 3408 407 3482 similes,
430 3410 491 3471 etsi
514 3409 640 3472 fuerint
662 3409 744 3482 duo,
766 3408 919 3471 videntur
941 3411 1037 3490 quasi
1055 3410 1090 3471 in
1108 3429 1179 3473 uno
1196 3410 1288 3490 loeo;
1310 3413 1337 3475 si

267 3535 342 3579 vero
365 3536 432 3578 non
455 3519 663 3597 aspiciuntur
685 3536 743 3598 per
765 3518 875 3581 radios
898 3520 1011 3583 ordine
1040 3519 1249 3596 consimiles,
1278 3523 1338 3585 etsi

266 3625 366 3688 suerit
388 3634 471 3698 una,
493 3627 622 3690 videtur
643 3628 738 3706 quasi
760 3627 795 3689 in
819 3628 949 3690 duobus
972 3627 1063 3691 loeis.
1086 3629 1156 3702 Qua
1178 3630 1219 3693 de
1241 3648 1337 3694 eausa

266 3735 352 3796 siin
376 3734 440 3797 ista
463 3733 568 3814 ligura
591 3734 659 3814 (sip.
688 3738 743 3809 il)
773 3736 1037 3816 copulaverimus
1066 3737 1256 3813 lineasue,
1276 3758 1336 3813 az,

266 3846 318 3919 be,
342 3846 400 3918 ba,
424 3853 473 3918 ta,
497 3845 548 3917 tb,
571 3845 630 3919 bb,
652 3844 709 3917 ab,
733 3863 953 3926 unaquaeqne
975 3849 1029 3922 de,
1051 3849 1096 3909 az
1117 3849 1289 3929 apparebit
1304 3850 1336 3910 in

267 3970 334 4015 uno
357 3951 447 4027 loeo,
469 3952 629 4032 quoniam
644 3956 705 4028 ad,
721 3955 764 4016 bd
785 3962 864 4016 sunt
886 3973 986 4036 super
1004 3957 1093 4037 ipsos
1108 3974 1195 4032 axes,
1210 3965 1243 4021 et
1258 3957 1336 4022 radii

267 4061 325 4139 qui
347 4063 469 4125 eadunt
490 4081 590 4142 super
612 4082 626 4125 a
649 4071 680 4126 et
703 4081 802 4142 super
824 4083 861 4138 z,
885 4072 964 4126 sunt
986 4066 1101 4128 ordine
1125 4066 1335 4139 consimiles,
