3278 5364
1290 535 1332 598 8t

256 641 317 703 bus
340 639 516 720 aspicitur,
539 647 670 703 etcum
692 641 834 711 dicimus
863 640 898 701 in
922 640 1098 720 superficie
1120 642 1335 722 speculorum

258 754 384 813 rectam
404 747 546 826 lineam,
560 749 797 832 intelligendus
819 755 870 837 est
891 750 1053 815 terminus
1072 753 1261 815 communis
1279 772 1337 815 su·

256 857 404 938 perficiet
425 857 550 939 speculi
566 865 599 922 et
615 858 808 940 superficiei
822 865 950 922 erectae
964 877 1064 940 snper
1078 861 1205 940 speculi
1223 879 1334 942 super-

258 967 369 1031 ficiem
390 969 432 1031 ad
454 975 561 1033 rectos
578 969 719 1048 angulos
736 969 900 1031 transiens
916 986 977 1048 per
989 969 1120 1031 radium
1134 971 1333 1047 refractum3

258 1083 382 1140 etcum
398 1077 540 1141 dicimus
549 1078 586 1139 in
597 1078 771 1158 sphaerico
783 1077 919 1156 speculo
931 1077 1104 1153 circulum,
1116 1077 1332 1158 intelligenda

224 1267 225 1270 Ἴ
258 1191 310 1249 est
332 1186 437 1248 sectio
459 1185 648 1249 communie
668 1185 858 1266 superficiei
881 1187 963 1261 eius,
986 1192 1019 1251 et
1040 1187 1227 1267 superficiei
1248 1205 1333 1266 quae

258 1295 377 1357 transit
402 1312 463 1375 per
491 1295 621 1357 radium
644 1295 822 1357 refractum
844 1303 878 1357 et
899 1312 958 1375 per
976 1303 1128 1358 centrum
1150 1295 1334 1376 sphaerae;

257 1408 293 1467 et
313 1420 391 1465 cum
412 1403 554 1470 dicimus
570 1400 742 1484 speculum
757 1421 906 1479 curvum,
921 1402 1178 1483 intelligendum
1194 1411 1246 1468 est
1258 1423 1334 1486 spe-

257 1511 384 1588 culum,
406 1514 497 1593 quod
516 1513 607 1575 visui
628 1521 679 1575 est
699 1512 888 1594 oppositum
904 1531 925 1576 a
940 1531 1041 1576 curva
1053 1521 1146 1594 parte
1160 1515 1332 1596 sphaeram

259 1628 294 1686 et
313 1639 392 1685 curn
413 1622 555 1687 dicimus
570 1621 743 1702 speculum
757 1639 952 1701 concavum,
966 1622 1219 1703 intelligendum
1236 1631 1287 1687 est
1299 1623 1336 1686 il·

257 1731 328 1807 lud,
342 1731 445 1795 cuius·
452 1731 624 1813 sphaerica
637 1731 830 1810 superficies
846 1749 990 1797 concava
1007 1738 1057 1796 est
1071 1732 1223 1814 opposita
1237 1732 1333 1795 visui.

301 1842 479 1922 Postquam
504 1841 605 1923 igitur
630 1841 713 1906 haec
734 1841 1050 1916 determinavimus,
1072 1842 1231 1906 debemus
1254 1829 1349 1904 inci?

258 1968 337 2032 pere
358 1957 392 2014 et
412 1951 521 2014 dicere
543 1958 629 2031 quae
652 1951 805 2013 accidunt
826 1952 862 2013 in
886 1949 1030 2031 speculis
1051 1949 1179 2032 planis,
1201 1969 1278 2013 cum
1299 1951 1335 2012 in

258 2060 309 2124 eis
325 2059 542 2125 inveniantur
557 2061 686 2140 species
704 2060 858 2123 omnium
872 2078 958 2140 quae
972 2061 1137 2135 videntur,
1151 2059 1335 2123 secundum
1354 2072 1356 2080 ’

258 2170 476 2250 quantitatem
512 2167 649 2250 quidem
679 2167 859 2232 multitudo
887 2186 999 2235 rerum
1031 2187 1115 2249 quas
1146 2167 1336 2242 divisimus.

259 2285 296 2341 et
315 2278 564 2358 magnitudines
585 2277 819 2341 continuarum
839 2295 953 2341 rerum
969 2284 1002 2341 et
1014 2277 1204 2357 distantiam
1220 2295 1338 2341 secun·

260 2388 346 2467 dnm
367 2387 562 2468 (finalitatem
584 2393 697 2450 autem
719 2395 751 2450 et
773 2386 1033 2466 significationes
1055 2387 1189 2450 habitus
1211 2373 1338 2461 rerum,

260 2495 470 2561 diversitates
491 2498 678 2560 motionum
701 2502 735 2560 et
756 2495 981 2559 continentiae
1003 2496 1183 2576 figurarum
1198 2503 1232 2558 ct
1244 2497 1337 2576 posi-

259 2606 370 2671 tiones
391 2608 427 2670 in
448 2607 551 2682 locis,
571 2625 631 2688 per
651 2624 734 2688 quas
757 2606 796 2668 fit
815 2606 851 2668 in
874 2604 985 2686 planis
1007 2604 1168 2686 speculis,
1190 2613 1228 2667 ut
1248 2625 1338 2668 unus

259 2716 351 2778 risus
364 2715 488 2788 ,videat
511 2734 618 2779 unam
647 2717 788 2777 formam
818 2714 920 2776 unius
948 2714 998 2777 rei
1026 2714 1054 2777 si
1080 2733 1149 2778 non
1178 2707 1336 2790 mutatur,

260 2825 413 2906 quamvis
435 2825 478 2888 sit
498 2844 519 2889 a
539 2823 675 2905 speculo
696 2829 834 2889 remota.

305 2937 380 2998 Esto
408 2933 501 2998 linea
527 2941 618 2998 recta
645 2951 744 3014 super
764 2932 890 3014 speculi
913 2932 1005 3014 plani
1027 2933 1236 3014 superficiem
1267 2935 1335 3013 obp

263 3044 330 3125 tssp.
342 3045 412 3120 23),
426 3045 535 3124 sitque
549 3044 641 3106 visus
653 3051 795 3124 punctus
806 3045 828 3106 d
840 3049 875 3106 et
888 3061 940 3106 res
955 3043 1095 3106 videnda
1109 3061 1136 3117 c,
1153 3049 1187 3106 et
1197 3042 1339 3105 visibilis

255 3154 374 3217 radius
396 3154 455 3234 qui
476 3154 623 3234 procedit
644 3154 717 3226 ad,
738 3152 936 3232 refringatur
953 3152 1027 3215 ade
1049 3152 1090 3214 ad
1106 3151 1263 3232 aequales
1280 3170 1339 3213 an·
1443 3165 1451 3180 ·

260 3261 375 3344 gulos,
396 3263 507 3343 sitque
523 3263 610 3325 sicut
627 3261 741 3324 radius
758 3262 837 3325 dhe.
859 3261 1006 3323 Dicimus
1025 3279 1102 3340 ergo
1120 3261 1209 3340 quod
1228 3280 1248 3322 a
1264 3278 1337 3340 spe·

263 3370 341 3434 culo
353 3390 424 3435 non
437 3371 628 3451 refringitur
643 3371 684 3434 ad
698 3388 715 3432 c
729 3369 814 3433 alius
829 3369 942 3433 radius
960 3370 1000 3452 de
1014 3368 1068 3431 his
1083 3368 1142 3449 qui
1155 3369 1341 3449 procedunt

264 3497 285 3542 a
304 3487 428 3561 puncto
448 3481 470 3542 d
492 3479 533 3543 ad
549 3478 705 3560 aequales
723 3476 871 3558 angulos.
889 3477 923 3540 Si
938 3495 1015 3540 vero
1029 3476 1186 3558 possibile
1201 3477 1340 3551 esthon,

264 3589 461 3669 refringatur
475 3588 587 3651 radius
608 3591 692 3663 dre,-
710 3588 790 3669 quia
803 3587 906 3669 igitur
919 3586 1060 3666 angulus
1081 3587 1154 3651 abd
1170 3586 1277 3651 maior
1292 3593 1341 3648 est

266 3679 387 3779 angulo
412 3700 482 3763 aad
495 3747 503 3774 ,
526 3705 560 3764 et
581 3697 724 3777 angulus
752 3699 818 3761 aba
845 3698 955 3760 minor
977 3703 1029 3761 est
1050 3695 1172 3777 angulo
1197 3714 1285 3774 pac,
1309 3702 1342 3758 et

265 3809 407 3890 angulus
431 3810 501 3872 abd
524 3808 673 3890 aequalis
700 3816 750 3872 est
771 3807 894 3888 angulo
915 3809 1004 3882 abc,
1031 3808 1094 3871 erit
1114 3807 1255 3886 angulus
1275 3823 1342 3884 pac

265 3919 372 3983 maior
388 3918 509 4000 angulo
530 3921 616 3983 aad.
644 3919 714 3983 Non
733 3936 810 3998 ergo
832 3917 1029 3997 refringetur
1049 3915 1161 3979 radius
1178 3919 1222 3980 da
1242 3932 1341 3995 super

257 4027 390 4109 =lineam
412 4048 453 4092 ze
479 4030 521 4092 ad
543 4027 697 4109 aequales
721 4025 868 4108 angulos.
900 4025 1108 4115 Manifestum
1131 4031 1181 4089 est
1202 4042 1279 4104 ergo
1303 4041 1342 4088 ex

1294 4166 1311 4216 (f
