<?xml version="1.0" encoding="UTF-8"?>
<!DOCTYPE html PUBLIC "-//W3C//DTD XHTML 1.0 Transitional//EN"
    "http://www.w3.org/TR/xhtml1/DTD/xhtml1-transitional.dtd">
<html xmlns="http://www.w3.org/1999/xhtml" xml:lang="en" lang="en">
 <head>
  <title>
</title>
<meta http-equiv="Content-Type" content="text/html;charset=utf-8" />
  <meta name='ocr-system' content='tesseract 3.04.00' />
  <meta name='ocr-capabilities' content='ocr_page ocr_carea ocr_par ocr_line ocrx_word'/>
</head>
<body>
  <div class='ocr_page' id='page_1' title='image "./lotticadiclaudi00eugegoog_0157.png"; bbox 0 0 3278 5364; ppageno 0'>
   <div class='ocr_carea' id='block_1_1' title="bbox 342 562 1427 4101">
    <p class='ocr_par' dir='ltr' id='par_1_1' title="bbox 342 562 1410 873">
     <span class='ocr_line' id='line_1_1' title="bbox 342 562 404 633; baseline -0.016 0"><span class='ocrx_word' id='word_1_1' title='bbox 342 562 404 633; x_wconf 77' lang='lat'>100</span> 
     </span>
     <span class='ocr_line' id='line_1_2' title="bbox 342 672 1410 763; baseline -0.006 -19"><span class='ocrx_word' id='word_1_2' title='bbox 342 675 501 763; x_wconf 85' lang='lat' dir='ltr'>quoniam</span> <span class='ocrx_word' id='word_1_3' title='bbox 515 672 654 760; x_wconf 77' lang='lat' dir='ltr'>angrlus</span> <span class='ocrx_word' id='word_1_4' title='bbox 667 672 723 742; x_wconf 77' lang='lat' dir='ltr'>tle</span> <span class='ocrx_word' id='word_1_5' title='bbox 737 678 914 741; x_wconf 88' lang='lat' dir='ltr'>reetueest.</span> <span class='ocrx_word' id='word_1_6' title='bbox 928 674 1031 739; x_wconf 81' lang='lat' dir='ltr'>Enmt</span> <span class='ocrx_word' id='word_1_7' title='bbox 1044 690 1120 757; x_wconf 90' lang='lat' dir='ltr'>ergo</span> <span class='ocrx_word' id='word_1_8' title='bbox 1132 672 1246 758; x_wconf 88' lang='lat' dir='ltr'>anguli</span> <span class='ocrx_word' id='word_1_9' title='bbox 1260 675 1331 752; x_wconf 82' lang='lat' dir='ltr'>eta,</span> <span class='ocrx_word' id='word_1_10' title='bbox 1345 676 1410 739; x_wconf 77' lang='lat' dir='ltr'>olm</span> 
     </span>
     <span class='ocr_line' id='line_1_3' title="bbox 343 784 683 873; baseline -0.006 -18"><span class='ocrx_word' id='word_1_11' title='bbox 343 787 507 873; x_wconf 79' lang='lat' dir='ltr'><strong>aequales.</strong></span> <span class='ocrx_word' id='word_1_12' title='bbox 679 784 683 789; x_wconf 82' lang='grc'><strong>’</strong></span> 
     </span>
    </p>

    <p class='ocr_par' dir='ltr' id='par_1_2' title="bbox 342 895 1427 2541">
     <span class='ocr_line' id='line_1_4' title="bbox 384 895 1427 982; baseline -0.005 -16"><span class='ocrx_word' id='word_1_13' title='bbox 384 901 467 968; x_wconf 91' lang='lat' dir='ltr'>Item</span> <span class='ocrx_word' id='word_1_14' title='bbox 483 899 514 965; x_wconf 82' lang='lat' dir='ltr'>si</span> <span class='ocrx_word' id='word_1_15' title='bbox 529 916 597 964; x_wconf 93' lang='lat' dir='ltr'>non</span> <span class='ocrx_word' id='word_1_16' title='bbox 614 896 714 964; x_wconf 86' lang='lat' dir='ltr'>fuerit</span> <span class='ocrx_word' id='word_1_17' title='bbox 729 896 906 982; x_wconf 83' lang='lat' dir='ltr'>proportio,</span> <span class='ocrx_word' id='word_1_18' title='bbox 925 895 1011 961; x_wconf 84' lang='lat' dir='ltr'>sicut</span> <span class='ocrx_word' id='word_1_19' title='bbox 1023 895 1175 974; x_wconf 84' lang='lat' dir='ltr'>diximus,</span> <span class='ocrx_word' id='word_1_20' title='bbox 1188 896 1249 962; x_wconf 85' lang='lat' dir='ltr'>sed</span> <span class='ocrx_word' id='word_1_21' title='bbox 1262 896 1427 982; x_wconf 72' lang='lat' dir='ltr'>potueri--</span> 
     </span>
     <span class='ocr_line' id='line_1_5' title="bbox 342 1007 1411 1097; baseline -0.006 -19"><span class='ocrx_word' id='word_1_22' title='bbox 342 1031 417 1079; x_wconf 88' lang='lat' dir='ltr'>mus</span> <span class='ocrx_word' id='word_1_23' title='bbox 433 1012 677 1097; x_wconf 79' lang='lat' dir='ltr'>proportionem</span> <span class='ocrx_word' id='word_1_24' title='bbox 698 1020 733 1074; x_wconf 83' lang='lat' dir='ltr'>st</span> <span class='ocrx_word' id='word_1_25' title='bbox 751 1008 813 1090; x_wconf 68' lang='lat' dir='ltr'>(fig.</span> <span class='ocrx_word' id='word_1_26' title='bbox 826 1012 875 1085; x_wconf 81' lang='lat' dir='ltr'>tlt</span> <span class='ocrx_word' id='word_1_27' title='bbox 899 1008 941 1072; x_wconf 88' lang='lat' dir='ltr'>ad</span> <span class='ocrx_word' id='word_1_28' title='bbox 956 1019 985 1071; x_wconf 83' lang='lat' dir='ltr'>te</span> <span class='ocrx_word' id='word_1_29' title='bbox 1006 1007 1092 1073; x_wconf 88' lang='lat' dir='ltr'>sieut</span> <span class='ocrx_word' id='word_1_30' title='bbox 1106 1009 1355 1092; x_wconf 82' lang='lat' dir='ltr'>proportionem</span> <span class='ocrx_word' id='word_1_31' title='bbox 1366 1010 1411 1073; x_wconf 78' lang='grc' dir='ltr'><strong>ει</strong></span> 
     </span>
     <span class='ocr_line' id='line_1_6' title="bbox 343 1119 1411 1204; baseline -0.005 -14"><span class='ocrx_word' id='word_1_32' title='bbox 343 1127 384 1191; x_wconf 88' lang='lat' dir='ltr'>ad</span> <span class='ocrx_word' id='word_1_33' title='bbox 409 1125 474 1202; x_wconf 78' lang='lat' dir='ltr'>bt,</span> <span class='ocrx_word' id='word_1_34' title='bbox 502 1123 642 1188; x_wconf 84' lang='lat' dir='ltr'>dicimus</span> <span class='ocrx_word' id='word_1_35' title='bbox 671 1121 760 1204; x_wconf 85' lang='lat' dir='ltr'>quod</span> <span class='ocrx_word' id='word_1_36' title='bbox 784 1140 852 1186; x_wconf 91' lang='lat' dir='ltr'>non</span> <span class='ocrx_word' id='word_1_37' title='bbox 877 1119 1069 1203; x_wconf 83' lang='lat' dir='ltr'>refringitur</span> <span class='ocrx_word' id='word_1_38' title='bbox 1091 1127 1254 1204; x_wconf 86' lang='lat' dir='ltr'>apuneto</span> <span class='ocrx_word' id='word_1_39' title='bbox 1280 1120 1342 1203; x_wconf 84' lang='lat' dir='ltr'>qui</span> <span class='ocrx_word' id='word_1_40' title='bbox 1363 1127 1411 1186; x_wconf 89' lang='lat' dir='ltr'>est</span> 
     </span>
     <span class='ocr_line' id='line_1_7' title="bbox 343 1228 1410 1319; baseline -0.005 -17"><span class='ocrx_word' id='word_1_41' title='bbox 343 1236 429 1303; x_wconf 89' lang='lat' dir='ltr'>inter</span> <span class='ocrx_word' id='word_1_42' title='bbox 442 1241 581 1319; x_wconf 78' lang='lat' dir='ltr'>punctos</span> <span class='ocrx_word' id='word_1_43' title='bbox 593 1252 626 1310; x_wconf 83' lang='lat' dir='ltr'>a,</span> <span class='ocrx_word' id='word_1_44' title='bbox 641 1233 671 1310; x_wconf 86' lang='lat' dir='ltr'>b,</span> <span class='ocrx_word' id='word_1_45' title='bbox 687 1232 729 1297; x_wconf 87' lang='lat' dir='ltr'>ad</span> <span class='ocrx_word' id='word_1_46' title='bbox 743 1232 789 1297; x_wconf 77' lang='lat' dir='ltr'>sle</span> <span class='ocrx_word' id='word_1_47' title='bbox 804 1232 916 1298; x_wconf 84' lang='lat' dir='ltr'>radius</span> <span class='ocrx_word' id='word_1_48' title='bbox 929 1232 972 1296; x_wconf 88' lang='lat' dir='ltr'>ad</span> <span class='ocrx_word' id='word_1_49' title='bbox 985 1228 1140 1313; x_wconf 75' lang='lat' dir='ltr'>aequales</span> <span class='ocrx_word' id='word_1_50' title='bbox 1156 1228 1310 1313; x_wconf 68' lang='lat' dir='ltr'>angulos;</span> <span class='ocrx_word' id='word_1_51' title='bbox 1322 1232 1410 1314; x_wconf 85' lang='lat' dir='ltr'>quod</span> 
     </span>
     <span class='ocr_line' id='line_1_8' title="bbox 343 1342 1409 1432; baseline -0.006 -19"><span class='ocrx_word' id='word_1_52' title='bbox 343 1348 372 1413; x_wconf 92' lang='lat' dir='ltr'>si</span> <span class='ocrx_word' id='word_1_53' title='bbox 393 1344 548 1432; x_wconf 84' lang='lat' dir='ltr'>possibile</span> <span class='ocrx_word' id='word_1_54' title='bbox 571 1351 630 1422; x_wconf 90' lang='lat' dir='ltr'>est,</span> <span class='ocrx_word' id='word_1_55' title='bbox 649 1344 846 1426; x_wconf 80' lang='lat' dir='ltr'>refringatur</span> <span class='ocrx_word' id='word_1_56' title='bbox 868 1362 887 1408; x_wconf 92' lang='lat' dir='ltr'>a</span> <span class='ocrx_word' id='word_1_57' title='bbox 907 1349 1028 1427; x_wconf 88' lang='lat' dir='ltr'>punoto</span> <span class='ocrx_word' id='word_1_58' title='bbox 1050 1344 1070 1406; x_wconf 90' lang='lat' dir='ltr'>l.</span> <span class='ocrx_word' id='word_1_59' title='bbox 1092 1342 1128 1407; x_wconf 83' lang='lat' dir='ltr'>si</span> <span class='ocrx_word' id='word_1_60' title='bbox 1145 1360 1222 1425; x_wconf 89' lang='lat' dir='ltr'>ergo</span> <span class='ocrx_word' id='word_1_61' title='bbox 1237 1342 1409 1425; x_wconf 84' lang='lat' dir='ltr'>oopulave·</span> 
     </span>
     <span class='ocr_line' id='line_1_9' title="bbox 342 1454 1410 1540; baseline -0.006 -15"><span class='ocrx_word' id='word_1_62' title='bbox 342 1459 447 1525; x_wconf 89' lang='lat' dir='ltr'>rimus</span> <span class='ocrx_word' id='word_1_63' title='bbox 461 1457 497 1522; x_wconf 92' lang='lat' dir='ltr'>in</span> <span class='ocrx_word' id='word_1_64' title='bbox 512 1454 615 1521; x_wconf 89' lang='lat' dir='ltr'>simili</span> <span class='ocrx_word' id='word_1_65' title='bbox 628 1456 830 1540; x_wconf 83' lang='lat' dir='ltr'>praepositae</span> <span class='ocrx_word' id='word_1_66' title='bbox 845 1456 969 1539; x_wconf 84' lang='lat' dir='ltr'>figurae</span> <span class='ocrx_word' id='word_1_67' title='bbox 980 1454 1105 1520; x_wconf 89' lang='lat' dir='ltr'>lineam</span> <span class='ocrx_word' id='word_1_68' title='bbox 1116 1455 1160 1531; x_wconf 84' lang='lat' dir='ltr'>ll,</span> <span class='ocrx_word' id='word_1_69' title='bbox 1176 1458 1210 1519; x_wconf 89' lang='grc' dir='ltr'><strong>ει</strong></span> <span class='ocrx_word' id='word_1_70' title='bbox 1218 1455 1410 1537; x_wconf 82' lang='lat' dir='ltr'>protraxeri-</span> 
     </span>
     <span class='ocr_line' id='line_1_10' title="bbox 343 1548 1409 1651; baseline -0.007 -14"><span class='ocrx_word' id='word_1_71' title='bbox 343 1590 419 1637; x_wconf 88' lang='lat' dir='ltr'>mue</span> <span class='ocrx_word' id='word_1_72' title='bbox 431 1548 555 1636; x_wconf 86' lang='lat' dir='ltr'>lineam</span> <span class='ocrx_word' id='word_1_73' title='bbox 569 1568 842 1651; x_wconf 85' lang='lat' dir='ltr'>aequidistautem</span> <span class='ocrx_word' id='word_1_74' title='bbox 855 1568 963 1633; x_wconf 90' lang='lat' dir='ltr'>lineae</span> <span class='ocrx_word' id='word_1_75' title='bbox 977 1568 1020 1643; x_wconf 80' lang='lat' dir='ltr'>tt,</span> <span class='ocrx_word' id='word_1_76' title='bbox 1035 1572 1069 1631; x_wconf 88' lang='lat' dir='ltr'>et</span> <span class='ocrx_word' id='word_1_77' title='bbox 1083 1566 1182 1632; x_wconf 89' lang='lat' dir='ltr'>fuerit</span> <span class='ocrx_word' id='word_1_78' title='bbox 1191 1584 1286 1644; x_wconf 79' lang='lat' dir='ltr'>mest,</span> <span class='ocrx_word' id='word_1_79' title='bbox 1301 1566 1409 1632; x_wconf 89' lang='lat' dir='ltr'>maui-</span> 
     </span>
     <span class='ocr_line' id='line_1_11' title="bbox 342 1677 1410 1763; baseline -0.007 -13"><span class='ocrx_word' id='word_1_80' title='bbox 342 1684 463 1750; x_wconf 86' lang='lat' dir='ltr'>festum</span> <span class='ocrx_word' id='word_1_81' title='bbox 483 1686 531 1747; x_wconf 97' lang='grc' dir='ltr'>εει</span> <span class='ocrx_word' id='word_1_82' title='bbox 546 1698 605 1763; x_wconf 89' lang='lat' dir='ltr'>per</span> <span class='ocrx_word' id='word_1_83' title='bbox 620 1698 660 1746; x_wconf 94' lang='lat' dir='ltr'>ea</span> <span class='ocrx_word' id='word_1_84' title='bbox 676 1682 761 1763; x_wconf 85' lang='lat' dir='ltr'>quae</span> <span class='ocrx_word' id='word_1_85' title='bbox 777 1679 1001 1762; x_wconf 79' lang='lat' dir='ltr'>exposuimus,</span> <span class='ocrx_word' id='word_1_86' title='bbox 1018 1678 1108 1761; x_wconf 83' lang='lat' dir='ltr'>quod</span> <span class='ocrx_word' id='word_1_87' title='bbox 1120 1696 1175 1743; x_wconf 79' lang='lat' dir='ltr'>me</span> <span class='ocrx_word' id='word_1_88' title='bbox 1196 1682 1248 1743; x_wconf 90' lang='grc' dir='ltr'>εει</span> <span class='ocrx_word' id='word_1_89' title='bbox 1260 1677 1349 1743; x_wconf 86' lang='lat' dir='ltr'>sieut</span> <span class='ocrx_word' id='word_1_90' title='bbox 1359 1698 1410 1757; x_wconf 71' lang='lat' dir='ltr'>og</span> 
     </span>
     <span class='ocr_line' id='line_1_12' title="bbox 343 1788 1411 1879; baseline -0.004 -20"><span class='ocrx_word' id='word_1_91' title='bbox 343 1793 423 1879; x_wconf 86' lang='lat' dir='ltr'>quie</span> <span class='ocrx_word' id='word_1_92' title='bbox 440 1811 518 1875; x_wconf 90' lang='lat' dir='ltr'>ergo</span> <span class='ocrx_word' id='word_1_93' title='bbox 536 1788 676 1873; x_wconf 89' lang='lat' dir='ltr'>angulus</span> <span class='ocrx_word' id='word_1_94' title='bbox 689 1792 764 1855; x_wconf 78' lang='lat' dir='ltr'>mlle</span> <span class='ocrx_word' id='word_1_95' title='bbox 786 1789 908 1854; x_wconf 86' lang='lat' dir='ltr'>divisus</span> <span class='ocrx_word' id='word_1_96' title='bbox 922 1796 972 1855; x_wconf 93' lang='lat' dir='ltr'>est</span> <span class='ocrx_word' id='word_1_97' title='bbox 987 1788 1024 1853; x_wconf 84' lang='lat' dir='ltr'>lu</span> <span class='ocrx_word' id='word_1_98' title='bbox 1040 1790 1122 1854; x_wconf 86' lang='lat' dir='ltr'>dues</span> <span class='ocrx_word' id='word_1_99' title='bbox 1132 1794 1242 1873; x_wconf 84' lang='lat' dir='ltr'>partes</span> <span class='ocrx_word' id='word_1_100' title='bbox 1256 1788 1411 1872; x_wconf 78' lang='lat' dir='ltr'>aequales</span> 
     </span>
     <span class='ocr_line' id='line_1_13' title="bbox 343 1899 1409 1991; baseline -0.006 -20"><span class='ocrx_word' id='word_1_101' title='bbox 343 1923 402 1991; x_wconf 89' lang='lat' dir='ltr'>per</span> <span class='ocrx_word' id='word_1_102' title='bbox 412 1904 538 1970; x_wconf 90' lang='lat' dir='ltr'>lineam</span> <span class='ocrx_word' id='word_1_103' title='bbox 553 1904 601 1981; x_wconf 83' lang='lat' dir='ltr'>le,</span> <span class='ocrx_word' id='word_1_104' title='bbox 623 1902 685 1968; x_wconf 89' lang='lat' dir='ltr'>erit</span> <span class='ocrx_word' id='word_1_105' title='bbox 703 1902 755 1966; x_wconf 84' lang='lat' dir='ltr'>ml</span> <span class='ocrx_word' id='word_1_106' title='bbox 776 1900 933 1979; x_wconf 74' lang='lat' dir='ltr'>sicutte,</span> <span class='ocrx_word' id='word_1_107' title='bbox 948 1906 981 1965; x_wconf 90' lang='lat' dir='ltr'>et</span> <span class='ocrx_word' id='word_1_108' title='bbox 993 1899 1082 1966; x_wconf 89' lang='lat' dir='ltr'>linea</span> <span class='ocrx_word' id='word_1_109' title='bbox 1097 1902 1131 1965; x_wconf 74' lang='lat' dir='ltr'>le</span> <span class='ocrx_word' id='word_1_110' title='bbox 1145 1906 1193 1966; x_wconf 91' lang='lat' dir='ltr'>est</span> <span class='ocrx_word' id='word_1_111' title='bbox 1206 1900 1409 1980; x_wconf 78' lang='lat' dir='ltr'>eommunis3</span> 
     </span>
     <span class='ocr_line' id='line_1_14' title="bbox 344 2004 1411 2101; baseline -0.006 -17"><span class='ocrx_word' id='word_1_112' title='bbox 344 2014 458 2101; x_wconf 89' lang='lat' dir='ltr'>anguli</span> <span class='ocrx_word' id='word_1_113' title='bbox 473 2033 560 2093; x_wconf 85' lang='lat' dir='ltr'>vero,</span> <span class='ocrx_word' id='word_1_114' title='bbox 578 2031 663 2097; x_wconf 91' lang='lat' dir='ltr'>quos</span> <span class='ocrx_word' id='word_1_115' title='bbox 677 2013 847 2078; x_wconf 89' lang='lat' dir='ltr'>continent</span> <span class='ocrx_word' id='word_1_116' title='bbox 861 2011 1012 2095; x_wconf 78' lang='lat' dir='ltr'>aequalia</span> <span class='ocrx_word' id='word_1_117' title='bbox 1026 2004 1139 2092; x_wconf 78' lang='lat' dir='ltr'>latere,</span> <span class='ocrx_word' id='word_1_118' title='bbox 1152 2017 1232 2076; x_wconf 84' lang='lat' dir='ltr'>eunt</span> <span class='ocrx_word' id='word_1_119' title='bbox 1244 2010 1411 2094; x_wconf 80' lang='lat' dir='ltr'>aequales,</span> 
     </span>
     <span class='ocr_line' id='line_1_15' title="bbox 344 2121 1413 2207; baseline -0.003 -15"><span class='ocrx_word' id='word_1_120' title='bbox 344 2132 378 2193; x_wconf 89' lang='grc' dir='ltr'><strong>ει</strong></span> <span class='ocrx_word' id='word_1_121' title='bbox 390 2126 465 2191; x_wconf 88' lang='lat' dir='ltr'>ideo</span> <span class='ocrx_word' id='word_1_122' title='bbox 482 2123 593 2207; x_wconf 89' lang='lat' dir='ltr'>anguli</span> <span class='ocrx_word' id='word_1_123' title='bbox 607 2128 685 2202; x_wconf 84' lang='lat' dir='ltr'>mel,</span> <span class='ocrx_word' id='word_1_124' title='bbox 703 2126 759 2191; x_wconf 81' lang='lat' dir='ltr'>lea</span> <span class='ocrx_word' id='word_1_125' title='bbox 781 2129 877 2189; x_wconf 87' lang='lat' dir='ltr'>erunt</span> <span class='ocrx_word' id='word_1_126' title='bbox 892 2123 988 2200; x_wconf 82' lang='lat' dir='ltr'>recti,</span> <span class='ocrx_word' id='word_1_127' title='bbox 1010 2130 1042 2188; x_wconf 91' lang='lat' dir='ltr'>et</span> <span class='ocrx_word' id='word_1_128' title='bbox 1056 2121 1196 2205; x_wconf 83' lang='lat' dir='ltr'>angulus</span> <span class='ocrx_word' id='word_1_129' title='bbox 1210 2124 1267 2188; x_wconf 80' lang='lat' dir='ltr'>lle</span> <span class='ocrx_word' id='word_1_130' title='bbox 1284 2124 1350 2189; x_wconf 89' lang='lat' dir='ltr'>erit</span> <span class='ocrx_word' id='word_1_131' title='bbox 1364 2142 1413 2189; x_wconf 90' lang='lat' dir='ltr'>re-</span> 
     </span>
     <span class='ocr_line' id='line_1_16' title="bbox 345 2228 1411 2319; baseline -0.002 -17"><span class='ocrx_word' id='word_1_132' title='bbox 345 2244 433 2315; x_wconf 85' lang='lat' dir='ltr'>etus,</span> <span class='ocrx_word' id='word_1_133' title='bbox 454 2237 542 2319; x_wconf 88' lang='lat' dir='ltr'>quod</span> <span class='ocrx_word' id='word_1_134' title='bbox 560 2242 610 2300; x_wconf 89' lang='lat' dir='ltr'>est</span> <span class='ocrx_word' id='word_1_135' title='bbox 629 2234 845 2317; x_wconf 87' lang='lat' dir='ltr'>impossibile.</span> <span class='ocrx_word' id='word_1_136' title='bbox 863 2234 930 2298; x_wconf 84' lang='lat' dir='ltr'>llrit</span> <span class='ocrx_word' id='word_1_137' title='bbox 944 2239 1055 2298; x_wconf 91' lang='lat' dir='ltr'>autem</span> <span class='ocrx_word' id='word_1_138' title='bbox 1073 2234 1177 2315; x_wconf 89' lang='lat' dir='ltr'>magis</span> <span class='ocrx_word' id='word_1_139' title='bbox 1194 2228 1411 2317; x_wconf 84' lang='lat' dir='ltr'>impossibile,</span> 
     </span>
     <span class='ocr_line' id='line_1_17' title="bbox 344 2344 1411 2432; baseline -0.003 -19"><span class='ocrx_word' id='word_1_140' title='bbox 344 2350 375 2414; x_wconf 90' lang='lat' dir='ltr'>si</span> <span class='ocrx_word' id='word_1_141' title='bbox 394 2353 545 2432; x_wconf 72' lang='lat' dir='ltr'>punctum,</span> <span class='ocrx_word' id='word_1_142' title='bbox 567 2345 626 2429; x_wconf 89' lang='lat' dir='ltr'>qui</span> <span class='ocrx_word' id='word_1_143' title='bbox 647 2353 696 2410; x_wconf 90' lang='lat' dir='ltr'>est</span> <span class='ocrx_word' id='word_1_144' title='bbox 715 2346 876 2410; x_wconf 88' lang='lat' dir='ltr'>terminus</span> <span class='ocrx_word' id='word_1_145' title='bbox 896 2344 1016 2423; x_wconf 88' lang='lat' dir='ltr'>lineae,</span> <span class='ocrx_word' id='word_1_146' title='bbox 1037 2344 1073 2408; x_wconf 91' lang='lat' dir='ltr'>in</span> <span class='ocrx_word' id='word_1_147' title='bbox 1091 2360 1158 2428; x_wconf 90' lang='lat' dir='ltr'>qua</span> <span class='ocrx_word' id='word_1_148' title='bbox 1171 2350 1221 2410; x_wconf 87' lang='lat' dir='ltr'>est</span> <span class='ocrx_word' id='word_1_149' title='bbox 1233 2345 1411 2429; x_wconf 87' lang='lat' dir='ltr'>proportio,</span> 
     </span>
     <span class='ocr_line' id='line_1_18' title="bbox 346 2456 822 2541; baseline -0.002 -16"><span class='ocrx_word' id='word_1_150' title='bbox 346 2459 446 2525; x_wconf 91' lang='lat' dir='ltr'>fuerit</span> <span class='ocrx_word' id='word_1_151' title='bbox 465 2459 553 2523; x_wconf 90' lang='lat' dir='ltr'>inter</span> <span class='ocrx_word' id='word_1_152' title='bbox 576 2456 772 2541; x_wconf 83' lang='lat' dir='ltr'>punctos&#39;b,</span> <span class='ocrx_word' id='word_1_153' title='bbox 793 2457 822 2525; x_wconf 81' lang='lat' dir='ltr'>lt.</span> 
     </span>
    </p>

    <p class='ocr_par' dir='ltr' id='par_1_3' title="bbox 346 2552 1420 4101">
     <span class='ocr_line' id='line_1_19' title="bbox 388 2552 1413 2650; baseline -0.003 -15"><span class='ocrx_word' id='word_1_154' title='bbox 388 2569 595 2635; x_wconf 84' lang='lat' dir='ltr'>Manifestum</span> <span class='ocrx_word' id='word_1_155' title='bbox 622 2574 671 2633; x_wconf 90' lang='lat' dir='ltr'>est</span> <span class='ocrx_word' id='word_1_156' title='bbox 698 2586 774 2650; x_wconf 89' lang='lat' dir='ltr'>ergo</span> <span class='ocrx_word' id='word_1_157' title='bbox 802 2566 1000 2649; x_wconf 79' lang='lat' dir='ltr'>generaliter</span> <span class='ocrx_word' id='word_1_158' title='bbox 1027 2567 1115 2649; x_wconf 76' lang='lat' dir='ltr'>quod</span> <span class='ocrx_word' id='word_1_159' title='bbox 1135 2552 1165 2631; x_wconf 78' lang='lat' dir='ltr'>sl</span> <span class='ocrx_word' id='word_1_160' title='bbox 1186 2585 1229 2632; x_wconf 79' lang='lat' dir='ltr'>es</span> <span class='ocrx_word' id='word_1_161' title='bbox 1258 2566 1329 2649; x_wconf 63' lang='lat' dir='ltr'>(pp.</span> <span class='ocrx_word' id='word_1_162' title='bbox 1353 2566 1413 2646; x_wconf 67' lang='lat' dir='ltr'>ta)</span> 
     </span>
     <span class='ocr_line' id='line_1_20' title="bbox 346 2676 1415 2764; baseline -0.003 -16"><span class='ocrx_word' id='word_1_163' title='bbox 346 2683 445 2748; x_wconf 89' lang='lat' dir='ltr'>fuerit</span> <span class='ocrx_word' id='word_1_164' title='bbox 466 2681 573 2746; x_wconf 91' lang='lat' dir='ltr'>maior</span> <span class='ocrx_word' id='word_1_165' title='bbox 593 2697 694 2763; x_wconf 87' lang='lat' dir='ltr'>quam</span> <span class='ocrx_word' id='word_1_166' title='bbox 715 2681 777 2757; x_wconf 78' lang='lat' dir='ltr'>ele,</span> <span class='ocrx_word' id='word_1_167' title='bbox 799 2685 832 2744; x_wconf 89' lang='lat' dir='ltr'>et</span> <span class='ocrx_word' id='word_1_168' title='bbox 852 2676 1019 2762; x_wconf 89' lang='lat' dir='ltr'>proportio</span> <span class='ocrx_word' id='word_1_169' title='bbox 1040 2676 1085 2743; x_wconf 80' lang='lat' dir='ltr'>loz</span> <span class='ocrx_word' id='word_1_170' title='bbox 1106 2678 1148 2744; x_wconf 90' lang='lat' dir='ltr'>ad</span> <span class='ocrx_word' id='word_1_171' title='bbox 1169 2696 1211 2743; x_wconf 83' lang='lat' dir='ltr'>ze</span> <span class='ocrx_word' id='word_1_172' title='bbox 1235 2680 1323 2744; x_wconf 87' lang='lat' dir='ltr'>sieut</span> <span class='ocrx_word' id='word_1_173' title='bbox 1342 2698 1415 2764; x_wconf 90' lang='lat' dir='ltr'>pro·</span> 
     </span>
     <span class='ocr_line' id='line_1_21' title="bbox 348 2788 1415 2879; baseline -0.001 -20"><span class='ocrx_word' id='word_1_174' title='bbox 348 2793 452 2879; x_wconf 87' lang='lat' dir='ltr'>portio</span> <span class='ocrx_word' id='word_1_175' title='bbox 472 2791 519 2855; x_wconf 83' lang='lat' dir='ltr'>tt</span> <span class='ocrx_word' id='word_1_176' title='bbox 539 2792 580 2858; x_wconf 86' lang='lat' dir='ltr'>ad</span> <span class='ocrx_word' id='word_1_177' title='bbox 601 2793 642 2855; x_wconf 82' lang='lat' dir='ltr'>ele</span> <span class='ocrx_word' id='word_1_178' title='bbox 662 2792 699 2857; x_wconf 93' lang='lat' dir='ltr'>in</span> <span class='ocrx_word' id='word_1_179' title='bbox 720 2791 881 2856; x_wconf 90' lang='lat' dir='ltr'>universis</span> <span class='ocrx_word' id='word_1_180' title='bbox 903 2788 1045 2874; x_wconf 82' lang='lat' dir='ltr'>sperulis</span> <span class='ocrx_word' id='word_1_181' title='bbox 1066 2791 1234 2868; x_wconf 85' lang='lat' dir='ltr'>eeneavis,</span> <span class='ocrx_word' id='word_1_182' title='bbox 1255 2791 1316 2875; x_wconf 81' lang='lat' dir='ltr'>qui</span> <span class='ocrx_word' id='word_1_183' title='bbox 1337 2808 1415 2858; x_wconf 86' lang='lat' dir='ltr'>eon·</span> 
     </span>
     <span class='ocr_line' id='line_1_22' title="bbox 347 2888 1418 2986; baseline -0.001 -16"><span class='ocrx_word' id='word_1_184' title='bbox 347 2906 526 2970; x_wconf 87' lang='lat' dir='ltr'>stituuntur</span> <span class='ocrx_word' id='word_1_185' title='bbox 552 2921 650 2986; x_wconf 89' lang='lat' dir='ltr'>super</span> <span class='ocrx_word' id='word_1_186' title='bbox 676 2908 863 2967; x_wconf 83' lang='lat' dir='ltr'>centrume</span> <span class='ocrx_word' id='word_1_187' title='bbox 891 2888 925 2967; x_wconf 82' lang='lat' dir='ltr'>et</span> <span class='ocrx_word' id='word_1_188' title='bbox 952 2919 1011 2985; x_wconf 92' lang='lat' dir='ltr'>per</span> <span class='ocrx_word' id='word_1_189' title='bbox 1038 2901 1228 2967; x_wconf 74' lang='grc' dir='ltr'><strong>ἀίειειιιὶιπι</strong></span> <span class='ocrx_word' id='word_1_190' title='bbox 1256 2902 1418 2969; x_wconf 82' lang='lat' dir='ltr'>maiorem</span> 
     </span>
     <span class='ocr_line' id='line_1_23' title="bbox 349 3012 1418 3099; baseline 0 -19"><span class='ocrx_word' id='word_1_191' title='bbox 349 3034 449 3099; x_wconf 90' lang='lat' dir='ltr'>quam</span> <span class='ocrx_word' id='word_1_192' title='bbox 462 3016 505 3079; x_wconf 80' lang='lat' dir='ltr'>ele</span> <span class='ocrx_word' id='word_1_193' title='bbox 520 3020 552 3080; x_wconf 88' lang='lat' dir='ltr'>et</span> <span class='ocrx_word' id='word_1_194' title='bbox 566 3013 730 3078; x_wconf 89' lang='lat' dir='ltr'>minorem</span> <span class='ocrx_word' id='word_1_195' title='bbox 744 3031 845 3096; x_wconf 89' lang='lat' dir='ltr'>quam</span> <span class='ocrx_word' id='word_1_196' title='bbox 858 3012 914 3093; x_wconf 69' lang='lat' dir='ltr'>ele,</span> <span class='ocrx_word' id='word_1_197' title='bbox 930 3012 1028 3078; x_wconf 85' lang='lat' dir='ltr'>debet</span> <span class='ocrx_word' id='word_1_198' title='bbox 1039 3012 1174 3096; x_wconf 83' lang='lat' dir='ltr'>refringi</span> <span class='ocrx_word' id='word_1_199' title='bbox 1187 3012 1278 3079; x_wconf 87' lang='lat' dir='ltr'>inter</span> <span class='ocrx_word' id='word_1_200' title='bbox 1289 3031 1323 3093; x_wconf 80' lang='lat' dir='ltr'>s,</span> <span class='ocrx_word' id='word_1_201' title='bbox 1338 3014 1418 3080; x_wconf 78' lang='lat' dir='ltr'>lsra-</span> 
     </span>
     <span class='ocr_line' id='line_1_24' title="bbox 350 3123 1417 3208; baseline 0.001 -17"><span class='ocrx_word' id='word_1_202' title='bbox 350 3126 423 3191; x_wconf 87' lang='lat' dir='ltr'>dius</span> <span class='ocrx_word' id='word_1_203' title='bbox 445 3126 487 3191; x_wconf 88' lang='lat' dir='ltr'>ad</span> <span class='ocrx_word' id='word_1_204' title='bbox 507 3123 644 3206; x_wconf 89' lang='lat' dir='ltr'>angulos</span> <span class='ocrx_word' id='word_1_205' title='bbox 666 3124 819 3207; x_wconf 87' lang='lat' dir='ltr'>aequales</span> <span class='ocrx_word' id='word_1_206' title='bbox 833 3144 853 3190; x_wconf 91' lang='lat' dir='ltr'>a</span> <span class='ocrx_word' id='word_1_207' title='bbox 866 3131 956 3190; x_wconf 88' lang='lat' dir='ltr'>meta</span> <span class='ocrx_word' id='word_1_208' title='bbox 969 3124 1140 3190; x_wconf 81' lang='lat' dir='ltr'>communi</span> <span class='ocrx_word' id='word_1_209' title='bbox 1157 3124 1293 3208; x_wconf 75' lang='lat' dir='ltr'>speculo</span> <span class='ocrx_word' id='word_1_210' title='bbox 1307 3132 1341 3191; x_wconf 87' lang='lat' dir='ltr'>et</span> <span class='ocrx_word' id='word_1_211' title='bbox 1354 3126 1417 3193; x_wconf 84' lang='lat' dir='ltr'>eir-</span> 
     </span>
     <span class='ocr_line' id='line_1_25' title="bbox 349 3234 1418 3323; baseline 0 -18"><span class='ocrx_word' id='word_1_212' title='bbox 349 3236 424 3305; x_wconf 89' lang='lat' dir='ltr'>oulo</span> <span class='ocrx_word' id='word_1_213' title='bbox 445 3234 622 3304; x_wconf 81' lang='lat' dir='ltr'>constituto</span> <span class='ocrx_word' id='word_1_214' title='bbox 643 3255 741 3321; x_wconf 90' lang='lat' dir='ltr'>super</span> <span class='ocrx_word' id='word_1_215' title='bbox 762 3237 960 3302; x_wconf 83' lang='lat' dir='ltr'>diametrum</span> <span class='ocrx_word' id='word_1_216' title='bbox 981 3235 1031 3302; x_wconf 80' lang='lat' dir='ltr'>lte.</span> <span class='ocrx_word' id='word_1_217' title='bbox 1057 3238 1131 3301; x_wconf 85' lang='lat' dir='ltr'>Esto</span> <span class='ocrx_word' id='word_1_218' title='bbox 1152 3236 1254 3321; x_wconf 90' lang='lat' dir='ltr'>igitur</span> <span class='ocrx_word' id='word_1_219' title='bbox 1273 3245 1418 3323; x_wconf 72' lang='lat' dir='ltr'>punctus</span> 
     </span>
     <span class='ocr_line' id='line_1_26' title="bbox 349 3342 1417 3435; baseline 0.001 -20"><span class='ocrx_word' id='word_1_220' title='bbox 349 3368 448 3435; x_wconf 88' lang='lat' dir='ltr'>super</span> <span class='ocrx_word' id='word_1_221' title='bbox 459 3349 584 3415; x_wconf 86' lang='lat' dir='ltr'>lineam</span> <span class='ocrx_word' id='word_1_222' title='bbox 597 3347 656 3428; x_wconf 80' lang='lat' dir='ltr'>tt,</span> <span class='ocrx_word' id='word_1_223' title='bbox 670 3348 821 3414; x_wconf 82' lang='lat' dir='ltr'>videlieet</span> <span class='ocrx_word' id='word_1_224' title='bbox 836 3350 869 3424; x_wconf 84' lang='lat' dir='ltr'>t,</span> <span class='ocrx_word' id='word_1_225' title='bbox 891 3356 925 3412; x_wconf 90' lang='lat' dir='ltr'>et</span> <span class='ocrx_word' id='word_1_226' title='bbox 938 3342 1139 3414; x_wconf 80' lang='lat' dir='ltr'>describatur</span> <span class='ocrx_word' id='word_1_227' title='bbox 1152 3367 1252 3433; x_wconf 89' lang='lat' dir='ltr'>super</span> <span class='ocrx_word' id='word_1_228' title='bbox 1266 3356 1417 3416; x_wconf 82' lang='lat' dir='ltr'>centrum</span> 
     </span>
     <span class='ocr_line' id='line_1_27' title="bbox 348 3458 1420 3544; baseline -0.001 -16"><span class='ocrx_word' id='word_1_229' title='bbox 348 3481 365 3528; x_wconf 77' lang='grc' dir='ltr'><strong>ε</strong></span> <span class='ocrx_word' id='word_1_230' title='bbox 384 3480 443 3544; x_wconf 90' lang='lat' dir='ltr'>per</span> <span class='ocrx_word' id='word_1_231' title='bbox 463 3460 653 3525; x_wconf 86' lang='lat' dir='ltr'>distantiam</span> <span class='ocrx_word' id='word_1_232' title='bbox 679 3460 719 3524; x_wconf 83' lang='lat' dir='ltr'>eb</span> <span class='ocrx_word' id='word_1_233' title='bbox 744 3459 843 3524; x_wconf 84' lang='lat' dir='ltr'>seatio</span> <span class='ocrx_word' id='word_1_234' title='bbox 869 3458 1000 3537; x_wconf 82' lang='lat' dir='ltr'>circuli,</span> <span class='ocrx_word' id='word_1_235' title='bbox 1029 3466 1062 3524; x_wconf 93' lang='grc' dir='ltr'><strong>ει</strong></span> <span class='ocrx_word' id='word_1_236' title='bbox 1082 3459 1125 3523; x_wconf 90' lang='lat' dir='ltr'>sit</span> <span class='ocrx_word' id='word_1_237' title='bbox 1146 3461 1229 3541; x_wconf 80' lang='lat' dir='ltr'>obp,</span> <span class='ocrx_word' id='word_1_238' title='bbox 1251 3462 1420 3541; x_wconf 78' lang='lat' dir='ltr'>existentis</span> 
     </span>
     <span class='ocr_line' id='line_1_28' title="bbox 349 3569 1415 3655; baseline 0.001 -19"><span class='ocrx_word' id='word_1_239' title='bbox 349 3571 386 3637; x_wconf 90' lang='lat' dir='ltr'>in</span> <span class='ocrx_word' id='word_1_240' title='bbox 411 3571 543 3655; x_wconf 90' lang='lat' dir='ltr'>speeulo</span> <span class='ocrx_word' id='word_1_241' title='bbox 566 3590 727 3648; x_wconf 82' lang='lat' dir='ltr'>eoneavo,</span> <span class='ocrx_word' id='word_1_242' title='bbox 755 3579 788 3636; x_wconf 91' lang='grc' dir='ltr'><strong>ει</strong></span> <span class='ocrx_word' id='word_1_243' title='bbox 813 3576 902 3636; x_wconf 86' lang='grc' dir='ltr'><strong>εεεει</strong></span> <span class='ocrx_word' id='word_1_244' title='bbox 928 3569 1140 3636; x_wconf 85' lang='lat' dir='ltr'>medietatem</span> <span class='ocrx_word' id='word_1_245' title='bbox 1160 3570 1278 3637; x_wconf 86' lang='lat' dir='ltr'>eiruuli</span> <span class='ocrx_word' id='word_1_246' title='bbox 1299 3572 1360 3639; x_wconf 76' lang='grc' dir='ltr'>ιιι</span> <span class='ocrx_word' id='word_1_247' title='bbox 1380 3572 1415 3637; x_wconf 91' lang='lat' dir='ltr'>iu</span> 
     </span>
     <span class='ocr_line' id='line_1_29' title="bbox 349 3681 1416 3769; baseline 0.002 -20"><span class='ocrx_word' id='word_1_248' title='bbox 349 3688 471 3768; x_wconf 82' lang='lat' dir='ltr'>puncto</span> <span class='ocrx_word' id='word_1_249' title='bbox 493 3684 515 3747; x_wconf 88' lang='lat' dir='ltr'>l.</span> <span class='ocrx_word' id='word_1_250' title='bbox 536 3682 683 3747; x_wconf 83' lang='lat' dir='ltr'>Dicimus</span> <span class='ocrx_word' id='word_1_251' title='bbox 706 3701 792 3764; x_wconf 90' lang='lat' dir='ltr'>ergo,</span> <span class='ocrx_word' id='word_1_252' title='bbox 806 3684 895 3765; x_wconf 87' lang='lat' dir='ltr'>quod</span> <span class='ocrx_word' id='word_1_253' title='bbox 914 3681 1131 3748; x_wconf 87' lang='lat' dir='ltr'>reverberatio</span> <span class='ocrx_word' id='word_1_254' title='bbox 1153 3683 1215 3748; x_wconf 88' lang='lat' dir='ltr'>erit</span> <span class='ocrx_word' id='word_1_255' title='bbox 1235 3684 1416 3769; x_wconf 85' lang='lat' dir='ltr'>interpun-</span> 
     </span>
     <span class='ocr_line' id='line_1_30' title="bbox 350 3792 1416 3878; baseline 0.003 -18"><span class='ocrx_word' id='word_1_256' title='bbox 350 3802 420 3860; x_wconf 88' lang='lat' dir='ltr'>etos</span> <span class='ocrx_word' id='word_1_257' title='bbox 440 3814 476 3871; x_wconf 76' lang='lat' dir='ltr'>s,</span> <span class='ocrx_word' id='word_1_258' title='bbox 497 3795 695 3878; x_wconf 83' lang='lat' dir='ltr'>lsapuueto</span> <span class='ocrx_word' id='word_1_259' title='bbox 713 3796 725 3857; x_wconf 88' lang='lat' dir='ltr'>l</span> <span class='ocrx_word' id='word_1_260' title='bbox 746 3795 787 3859; x_wconf 85' lang='lat' dir='ltr'>ad</span> <span class='ocrx_word' id='word_1_261' title='bbox 808 3792 961 3876; x_wconf 89' lang='lat' dir='ltr'>aequales</span> <span class='ocrx_word' id='word_1_262' title='bbox 983 3792 1138 3875; x_wconf 89' lang='lat' dir='ltr'>angulos;</span> <span class='ocrx_word' id='word_1_263' title='bbox 1160 3796 1321 3877; x_wconf 89' lang='lat' dir='ltr'>quoniam</span> <span class='ocrx_word' id='word_1_264' title='bbox 1342 3814 1416 3863; x_wconf 82' lang='lat' dir='ltr'>tum</span> 
     </span>
     <span class='ocr_line' id='line_1_31' title="bbox 352 3904 1416 3993; baseline 0.002 -21"><span class='ocrx_word' id='word_1_265' title='bbox 352 3904 612 3991; x_wconf 81' lang='lat' dir='ltr'>copulaverimus</span> <span class='ocrx_word' id='word_1_266' title='bbox 634 3904 740 3970; x_wconf 90' lang='lat' dir='ltr'>lineas</span> <span class='ocrx_word' id='word_1_267' title='bbox 761 3906 814 3982; x_wconf 77' lang='lat' dir='ltr'>let,</span> <span class='ocrx_word' id='word_1_268' title='bbox 831 3907 878 3983; x_wconf 88' lang='lat' dir='ltr'>el,</span> <span class='ocrx_word' id='word_1_269' title='bbox 900 3906 962 3970; x_wconf 88' lang='lat' dir='ltr'>erit</span> <span class='ocrx_word' id='word_1_270' title='bbox 980 3904 1120 3987; x_wconf 84' lang='lat' dir='ltr'>angulus</span> <span class='ocrx_word' id='word_1_271' title='bbox 1133 3904 1191 3972; x_wconf 75' lang='grc' dir='ltr'>ιιι</span> <span class='ocrx_word' id='word_1_272' title='bbox 1203 3912 1327 3990; x_wconf 77' lang='lat' dir='ltr'>reatus,</span> <span class='ocrx_word' id='word_1_273' title='bbox 1340 3908 1416 3993; x_wconf 85' lang='lat' dir='ltr'>quia</span> 
     </span>
     <span class='ocr_line' id='line_1_32' title="bbox 353 4010 1413 4101; baseline 0.005 -19"><span class='ocrx_word' id='word_1_274' title='bbox 353 4019 449 4082; x_wconf 90' lang='lat' dir='ltr'>estin</span> <span class='ocrx_word' id='word_1_275' title='bbox 464 4018 636 4083; x_wconf 85' lang='lat' dir='ltr'>medietate</span> <span class='ocrx_word' id='word_1_276' title='bbox 651 4010 764 4081; x_wconf 82' lang='lat' dir='ltr'>circuli</span> <span class='ocrx_word' id='word_1_277' title='bbox 779 4017 847 4094; x_wconf 77' lang='lat' dir='ltr'>lete,</span> <span class='ocrx_word' id='word_1_278' title='bbox 865 4024 897 4081; x_wconf 89' lang='lat' dir='ltr'>et</span> <span class='ocrx_word' id='word_1_279' title='bbox 911 4016 989 4098; x_wconf 89' lang='lat' dir='ltr'>quia</span> <span class='ocrx_word' id='word_1_280' title='bbox 1004 4023 1053 4082; x_wconf 90' lang='grc' dir='ltr'>εει</span> <span class='ocrx_word' id='word_1_281' title='bbox 1066 4036 1167 4101; x_wconf 90' lang='lat' dir='ltr'>penes</span> <span class='ocrx_word' id='word_1_282' title='bbox 1181 4018 1413 4087; x_wconf 79' lang='lat' dir='ltr'>circumferen-</span> 
     </span>
    </p>
   </div>
   <div class='ocr_carea' id='block_1_2' title="bbox 354 4127 1413 4212">
    <p class='ocr_par' dir='ltr' id='par_1_4' title="bbox 354 4127 1413 4212">
     <span class='ocr_line' id='line_1_33' title="bbox 354 4127 1413 4212; baseline 0.004 -21"><span class='ocrx_word' id='word_1_283' title='bbox 354 4128 435 4193; x_wconf 87' lang='lat' dir='ltr'>tiam</span> <span class='ocrx_word' id='word_1_284' title='bbox 456 4127 572 4194; x_wconf 87' lang='lat' dir='ltr'>oirouli</span> <span class='ocrx_word' id='word_1_285' title='bbox 593 4130 672 4209; x_wconf 71' lang='lat' dir='ltr'>atq,</span> <span class='ocrx_word' id='word_1_286' title='bbox 694 4134 726 4194; x_wconf 89' lang='lat' dir='ltr'>et</span> <span class='ocrx_word' id='word_1_287' title='bbox 747 4128 883 4194; x_wconf 77' lang='lat' dir='ltr'>lineali</span> <span class='ocrx_word' id='word_1_288' title='bbox 897 4129 1001 4211; x_wconf 88' lang='lat' dir='ltr'>tangit</span> <span class='ocrx_word' id='word_1_289' title='bbox 1015 4128 1177 4195; x_wconf 87' lang='lat' dir='ltr'>eiroulum</span> <span class='ocrx_word' id='word_1_290' title='bbox 1191 4132 1269 4212; x_wconf 65' lang='lat' dir='ltr'>aba,</span> <span class='ocrx_word' id='word_1_291' title='bbox 1285 4130 1413 4197; x_wconf 81' lang='lat' dir='ltr'>sumsit</span> 
     </span>
    </p>
   </div>
   <div class='ocr_carea' id='block_1_3' title="bbox 0 0 1659 5364">
    <p class='ocr_par' dir='ltr' id='par_1_5' title="bbox 0 0 1659 5364">
     <span class='ocr_line' id='line_1_34' title="bbox 0 0 1659 5364; baseline 0 0"><span class='ocrx_word' id='word_1_292' title='bbox 0 0 1659 5364; x_wconf 95' lang='lat' dir='ltr'> </span> 
     </span>
    </p>
   </div>
  </div>
 </body>
</html>
