3278 5364
319 545 382 608 150

316 652 373 716 ille
395 653 496 717 fuerit
517 652 769 733 quinquaginta,
795 651 855 714 iste
878 651 941 712 erit
962 649 1179 729 quadraginta
1201 646 1344 711 duarum
1366 654 1396 708 et

318 763 490 840 dimidiae3
504 769 537 825 et
552 779 628 824 cum
644 746 701 823 iile
717 761 817 823 fuerit
832 759 1009 839 sexaginta,
1022 759 1085 822 iste
1101 759 1164 821 erit
1178 756 1395 839 quadraginta

316 891 434 937 novem
450 880 482 935 et
497 871 670 949 dimidiae;
689 880 810 934 etcum
829 869 885 931 ille
902 869 1002 932 fuerit
1016 869 1239 949 septuaginta,
1255 867 1318 931 ista
1336 866 1396 928 erit

314 982 554 1064 quinquaginta
575 1000 651 1057 sex3
681 988 810 1043 etcum
833 977 889 1041 ille
912 978 1011 1042 fuerit
1034 977 1226 1057 octoginta,
1258 977 1323 1041 erit
1344 977 1394 1039 hic

228 1162 233 1172 ,
316 1092 484 1172 sexaginta
505 1092 657 1157 duarum.

710 1389 784 1449 vuu
1011 1366 1016 1373 '
1131 1387 1213 1447 suu

513 1348 527 1375 0

521 1430 548 1485 x
674 1481 698 1525 et
713 1477 823 1526 dimidius
1099 1476 1124 1522 et
1137 1474 1251 1523 dimidius

496 1717 578 1773 XXX
703 1712 796 1771 XXVII
934 1714 986 1769 XL
1128 1709 1221 1769 XXXV

1070 1882 1277 1897 *-

712 1966 781 2024 xtll
1114 1963 1233 2022 XLVIII}
1268 2010 1271 2015 .

674 2055 699 2101 et
712 2054 825 2101 dimidius
1099 2044 1249 2099 cuminus

717 2286 775 2344 tvl

359 2621 459 2685 Decet
488 2640 566 2701 ergo
595 2641 655 2684 nos
682 2622 736 2686 hic
759 2622 903 2702 primum
935 2623 1043 2686 dicere
1071 2622 1294 2687 universalem
1324 2642 1391 2687 ser·

317 2749 467 2805 monem,
491 2733 575 2794 sicut
597 2731 735 2794 fecimus
754 2732 787 2793 in
806 2732 905 2795 rebus
927 2750 1013 2812 quae
1029 2739 1116 2795 recte
1130 2732 1298 2808 videntur,
1313 2734 1393 2797 idest

317 2841 405 2921 quod
434 2859 487 2904 res
516 2859 601 2921 quae
625 2841 779 2903 dicuntur
800 2841 903 2904 videri
929 2859 1027 2922 super
1048 2859 1152 2905 unam
1173 2839 1324 2917 lineam,
1351 2845 1392 2905 vi·

317 2951 437 3014 dentur
465 2969 524 3032 per
552 2969 657 3013 unum
686 2957 718 3013 et
746 2951 900 3013 eumdem
927 2952 1057 3013 radium
1084 2952 1195 3026 visus,
1225 2953 1316 3032 quod
1339 2954 1391 3017 de-

315 3061 434 3123 bemus
456 3058 640 3138 intelligere
662 3060 844 3122 secundum
863 3058 1015 3122 accidens
1034 3069 1067 3124 et
1084 3079 1152 3124 non
1168 3078 1256 3126 rere.
1279 3062 1389 3127 Visum

317 3170 409 3233 enim
435 3169 612 3251 prohibent
638 3189 689 3233 res
721 3170 827 3250 primo
851 3170 1020 3233 obviantes
1048 3170 1081 3233 ei
1110 3171 1272 3235 incidenti
1299 3189 1394 3255 super

315 3298 368 3342 res
396 3280 445 3342 eis
473 3280 706 3357 succedentes;
735 3297 810 3349 cum
840 3280 930 3342 enim
959 3281 1049 3342 visus
1078 3299 1145 3343 non
1174 3283 1392 3360 penetraverit

315 3391 441 3468 primae
467 3407 540 3463 res,
570 3406 622 3453 res
651 3407 735 3469 quae
762 3397 841 3452 sunt
862 3397 949 3453 retro
972 3391 1118 3469 primas,
1142 3408 1209 3453 non
1234 3398 1392 3473 apparent

296 3582 300 3590 Ι
317 3516 375 3579 por
396 3499 505 3562 radios
521 3499 712 3580 praedictos.
730 3499 937 3562 Manifestum
956 3507 1005 3563 ost
1020 3517 1097 3580 ergo
1110 3499 1186 3563 illas
1202 3519 1272 3563 non
1287 3501 1390 3565 videri

313 3626 373 3689 por
397 3608 501 3672 alium
528 3610 696 3672 radiorum
727 3610 995 3684 succedentium,
1024 3616 1056 3672 et
1084 3610 1147 3673 erit
1176 3609 1391 3675 manifestum

314 3719 403 3799 quod
425 3735 500 3781 cum
522 3736 589 3781 non
612 3720 823 3800 apparuerint
843 3719 903 3781 uni
927 3727 959 3782 et
981 3721 1088 3783 eidem
1109 3719 1214 3794 visui,
1237 3720 1308 3801 qui,
1330 3720 1391 3785 nisi

316 3834 419 3893 tectus
440 3828 556 3903 inerit,
578 3829 667 3892 videt
687 3829 829 3909 primam
851 3846 933 3904 rom,
952 3831 1034 3892 situs
1051 3846 1167 3900 aarum
1183 3830 1226 3893 ad
1251 3832 1390 3895 invicem

314 3955 430 4003 rursus
459 3939 522 4002 erit
541 3945 671 4015 rectus3
704 3956 820 4002 omnes
848 3940 940 4002 enim
966 3947 1160 4021 coaptantur
1185 3958 1287 4022 super
1308 3942 1389 4024 poei-

317 4048 443 4113 tionom
465 4049 570 4132 ipsius
590 4047 732 4113 visibilis
754 4050 849 4114 radii.
1376 4048 1379 4057 '
