3278 5364
342 643 399 708 tat

337 765 374 820 ut
394 757 497 837 ligura
519 756 675 838 cylindri,
699 774 772 818 eum
796 774 937 819 concava
960 774 1034 836 pars
1058 757 1128 818 eius
1151 755 1250 818 luerit
1272 762 1403 836 aparte

338 868 544 947 aspicientis,
572 868 696 930 formae
727 868 859 945 quidem
887 884 970 945 quae
994 866 1077 928 fiunt
1099 866 1132 927 in
1156 866 1228 946 ipsa
1250 866 1402 930 concavi-

338 985 424 1052 tate,
453 997 527 1040 cum
558 979 681 1041 fuerint
710 986 795 1039 retro
823 976 1013 1057 speculum,
1041 985 1073 1038 et
1094 977 1265 1056 longitudo
1290 978 1337 1040 rei
1360 977 1403 1037 ri·

337 1090 463 1152 dendae
481 1090 703 1168 aequidistans
719 1087 916 1167 longitudini
931 1086 1070 1167 speculi,
1087 1087 1257 1165 longitudo
1273 1088 1404 1167 quidem

337 1199 502 1280 apparebit
523 1200 710 1261 moderatae
734 1199 945 1276 quantitatis,
969 1204 1000 1259 et
1021 1199 1108 1276 quod
1132 1196 1230 1259 fuerit
1253 1216 1405 1270 sursum,

336 1310 496 1373 videbitur
518 1328 663 1385 sursum,
694 1317 725 1372 et
754 1310 842 1388 quod
864 1311 1031 1382 deorsum,
1059 1309 1225 1371 deorsum.
1255 1310 1405 1372 Latitudo

338 1428 446 1484 autem
477 1420 640 1484 ridebitur
669 1421 794 1496 maior,
824 1426 855 1482 et
885 1421 972 1500 quod
1002 1438 1021 1481 a
1048 1420 1167 1481 dextris
1196 1420 1404 1483 videbitura

336 1530 501 1606 sinistris,
532 1538 562 1594 et
589 1531 677 1610 quod
699 1549 718 1591 a
740 1529 882 1592 sinistris
903 1548 922 1591 a
944 1529 1084 1606 dextris;
1113 1536 1242 1591 etcum
1266 1529 1404 1594 latitudo

337 1642 436 1705 fuerit
456 1642 679 1733 aequidistans
701 1640 899 1720 longitudini
923 1640 1072 1720 speculi,
1101 1639 1174 1719 ipsa
1196 1641 1332 1718 quidem
1355 1640 1403 1703 la·

337 1753 440 1816 titudo
464 1754 632 1835 apparebit
658 1754 846 1815 moderatae
869 1751 1081 1830 quantitatis,
1112 1758 1144 1814 et
1172 1770 1287 1814 rursus
1310 1752 1402 1815 vide·

333 1865 455 1927 buntur
471 1848 598 1927 dextrae
617 1883 670 1927 res
685 1865 848 1937 sinistrae,
863 1869 894 1926 et
909 1864 1059 1924 sinistrae
1072 1863 1216 1939 dextrae,
1234 1862 1404 1943 longitudo

336 1982 446 2038 autem
477 1978 599 2049 maior,
628 1976 713 2054 quod
742 1993 873 2037 sursum
905 1993 1052 2047 sursum,
1075 1983 1106 2035 et
1130 1975 1220 2053 quod
1248 1974 1403 2036 deorsum

335 2089 500 2149 deorsum.
524 2087 586 2149 Sed
608 2105 684 2149 eum
706 2086 811 2146 forma
828 2086 1011 2165 apparuerit
1028 2103 1065 2147 ex
1081 2093 1171 2164 parte
1188 2086 1404 2148 concavitatis

334 2197 419 2260 inter
441 2198 609 2277 speculum
632 2207 664 2259 et
684 2198 801 2271 visum,
824 2195 994 2274 longitudo
1016 2196 1130 2275 utique
1146 2213 1223 2258 eum
1237 2196 1340 2259 fuerit
1353 2214 1406 2259 ae·

336 2308 516 2389 quidistans
539 2307 749 2386 longitudini,
765 2308 933 2387 apparebit
949 2309 1134 2370 moderatae
1150 2306 1356 2386 quantitatis,
1371 2315 1405 2369 et

336 2421 423 2500 quod
439 2437 581 2493 sursum,
597 2436 739 2492 sursum,
753 2425 784 2479 et
800 2418 887 2497 quod
902 2419 1067 2491 deorsum,
1080 2419 1249 2493 deorsum;
1264 2415 1405 2480 latitudo

334 2549 412 2593 vero
430 2530 626 2609 quandoque
645 2529 811 2609 apparebit
826 2530 1013 2591 moderatae
1033 2528 1236 2607 quantitatis,
1253 2534 1286 2589 et
1303 2546 1407 2608 quan·

337 2642 441 2720 doque
456 2641 561 2702 maior
574 2647 605 2702 et
619 2641 814 2719 quandoque
828 2640 947 2713 minor,
959 2647 990 2701 et
1000 2658 1052 2702 res
1065 2640 1193 2701 dextrae
1204 2639 1407 2703 videbuntur

336 2753 502 2826 sinistrae,
525 2757 557 2814 et
579 2751 729 2813 sinistrae
754 2751 896 2826 dextrae;
921 2751 977 2813 sed
993 2769 1067 2812 eum
1084 2749 1221 2812 latitudo
1235 2750 1340 2813 merit
1353 2769 1407 2831 op·

334 2863 440 2943 posita
461 2861 659 2940 longitudini
683 2861 821 2942 speculi,
845 2861 982 2923 latitudo
1005 2861 1066 2923 erit
1089 2861 1277 2924 moderatae
1301 2879 1408 2941 quan-

333 2973 453 3044 titatis,
482 2979 515 3034 et
542 2989 594 3033 res
624 2973 753 3034 dextrae
782 2973 985 3052 apparebunt
1015 2971 1165 3033 sinistrae
1194 2979 1226 3033 et
1249 2972 1407 3035 sinistrae

334 3085 481 3158 dextrae,
510 3083 679 3161 longitudo
701 3101 776 3145 vero
800 3083 996 3163 quandoque
1019 3083 1189 3163 apparebit
1215 3084 1407 3147 moderatae

333 3194 535 3275 quantitatis,
551 3201 582 3256 et
598 3195 792 3273 quandoque
809 3192 939 3272 longior
955 3201 987 3257 et
1003 3194 1203 3273 quandoque
1217 3193 1363 3267 brevior,
1373 3201 1407 3257 et

335 3305 423 3385 quod
440 3322 571 3367 sursum
586 3304 749 3366 videbitur
765 3304 928 3377 deorsum,
943 3310 976 3365 et
988 3304 1076 3383 quod
1091 3305 1246 3366 deorsum
1259 3322 1404 3367 sursum.

284 3437 287 3442 ’
376 3416 412 3477 In
442 3414 583 3494 speculis
613 3421 719 3476 autern
744 3414 934 3493 compositis
958 3433 995 3477 ex
1017 3415 1219 3478 concavitate
1243 3421 1275 3478 et
1298 3417 1406 3479 curvi-

334 3533 409 3600 tate,
431 3543 508 3587 cum
529 3527 633 3587 forma
654 3527 702 3586 rei
724 3525 883 3588 videndae
907 3526 1021 3588 debeat
1043 3526 1145 3588 videri
1167 3532 1302 3606 propter
1324 3544 1402 3591 con·

334 3638 505 3700 cavitatem
522 3645 610 3698 retro
628 3634 813 3715 speculum,
830 3643 862 3698 et
875 3636 975 3698 fuerit
991 3635 1159 3715 longitudo
1176 3638 1225 3700 rei
1240 3636 1403 3701 ridendae

333 3747 367 3808 in
393 3746 524 3826 speculo
548 3747 694 3826 opposita
717 3746 823 3808 lineae
847 3745 971 3827 speculi
994 3764 1132 3820 curvae,
1158 3745 1334 3826 longitudo
1355 3749 1403 3812 vi·

333 3858 463 3920 debitur
483 3856 626 3931 brevior,
649 3865 681 3918 et
702 3858 789 3937 quod
811 3875 957 3930 sursum,
980 3876 1126 3932 sursum,
1146 3866 1179 3919 et
1193 3860 1284 3938 quod
1306 3861 1398 3923 deor-

333 3987 429 4042 sum,
458 3970 634 4047 deorsum;
664 3968 799 4031 latitudo
828 3986 902 4030 vero
933 3969 1100 4049 apparebit
1128 3969 1256 4042 maior,
1282 3948 1323 4034 'et
1348 3988 1401 4035 res

333 4080 462 4142 dextrae
494 4081 667 4153 sinistrae,
699 4087 730 4142 et
758 4080 906 4142 sinistrae
936 4079 1072 4143 dextrae.
1106 4079 1169 4143 Sed
1198 4097 1275 4142 cum
1304 4080 1402 4145 tuerit

331 4188 469 4253 latitudo
492 4192 642 4271 opposita
664 4208 780 4254 curvae
803 4189 922 4266 lineae,
945 4191 1106 4254 videbitur
1127 4189 1249 4265 minor,
1264 4198 1298 4255 et
1313 4192 1401 4275 quod
