3278 5364
268 560 330 627 lot

265 676 406 739 fractum
425 683 577 757 apuncto
590 679 611 740 d
622 696 721 758 super
736 677 790 752 tc,
807 678 913 758 sitque
928 678 1023 742 stella
1033 697 1132 761 super
1143 685 1307 759 punctum
1318 680 1343 756 k,

267 795 299 848 et
320 788 399 866 quia
419 786 558 849 visibilis
580 789 691 851 radius
706 788 866 868 frangitur
882 808 983 871 super
1000 788 1063 851 loci
1079 790 1289 871 superficiem
1306 792 1344 854 od

266 890 376 958 locum
400 898 612 960 remotiorem
635 917 654 961 a
675 906 795 978 puncto
818 918 845 974 e,
871 900 911 961 de
933 898 1022 962 linea
1044 906 1154 961 erecta
1174 918 1278 981 super
1295 918 1345 965 su·

267 1004 444 1085 perficiem,
460 1008 500 1069 de
516 1026 581 1088 qua
596 1008 632 1068 llt
648 1006 741 1069 flexio
759 1009 799 1070 ad
814 1007 968 1087 aequales
984 1007 1133 1088 angulos,
1151 1010 1215 1071 erit
1228 1010 1343 1090 utique

265 1117 403 1195 angulus
422 1117 494 1190 lcdt,
510 1116 568 1196 qui
587 1124 635 1180 est
650 1117 683 1178 in
701 1117 866 1181 suhtiliori
881 1134 1030 1198 corpore,
1042 1120 1158 1183 maior.
1171 1120 1344 1184 Videhitur

264 1243 339 1305 ergo
361 1224 457 1288 stella
479 1245 498 1288 a
518 1234 638 1306 puncto
661 1245 675 1287 c
696 1245 795 1306 super
807 1227 931 1290 lineam
949 1230 1034 1303 aaz,
1051 1235 1084 1290 et
1100 1229 1163 1291 erit
1185 1229 1343 1292 distantia

266 1336 337 1397 eius
359 1353 377 1396 a
399 1342 530 1415 puncto,
552 1337 609 1416 qui
631 1343 800 1415 estsuper
821 1337 938 1416 capita,
960 1338 1072 1400 minor
1084 1354 1185 1417 quam
1201 1354 1283 1402 verz
1296 1340 1341 1401 di·

266 1444 393 1507 stantia.
425 1445 596 1508 Videbitur
622 1446 712 1509 enim
746 1445 780 1507 in
809 1446 964 1509 distantia
986 1464 1071 1526 quae
1093 1455 1143 1510 est
1163 1449 1337 1513 circumlo-

265 1556 371 1617 rentia
392 1564 445 1629 η’,
468 1555 537 1618 vice
560 1556 846 1619 circumferentiae
869 1555 918 1617 lte.

304 1664 429 1737 Quanto
459 1664 563 1744 magis
591 1665 690 1745 igitur
716 1665 838 1745 positio
860 1666 960 1728 fuerit
981 1666 1179 1741 sublimior,
1202 1669 1267 1731 erit
1288 1668 1337 1731 di-

262 1775 399 1837 versitas
426 1774 512 1849 loci,
542 1775 575 1836 in
606 1792 672 1855 quo
697 1775 828 1837 videtur
849 1775 963 1849 stella,
992 1777 1033 1837 ad
1059 1794 1174 1839 verum
1205 1776 1336 1852 locum,

261 1883 384 1961 minor;
408 1886 489 1947 etsi
513 1885 666 1946 fueritin
691 1905 721 1957 e,
744 1902 812 1946 non
835 1884 892 1946 flet
914 1884 1020 1960 flexio,
1039 1887 1198 1966 quoniam
1224 1888 1336 1950 avisi-

262 1993 322 2055 hili
345 1994 458 2070 radio,
488 1995 545 2075 qui
572 1995 719 2074 procedit
741 2012 759 2056 a
781 2001 901 2073 puncto
923 2012 942 2057 a
965 1995 1004 2058 ad
1026 2002 1185 2075 punctum
1208 2015 1244 2070 e,
1272 2014 1336 2061 non

262 2105 300 2166 ilt
319 2103 435 2180 flexi03
465 2111 542 2166 tunc
565 2105 655 2166 enim
679 2105 741 2167 erit
763 2105 1043 2185 perpendicularis
1070 2123 1171 2186 super
1198 2106 1335 2187 superii·
1386 2090 1390 2095 ⁵

262 2214 365 2287 ciem,
388 2215 430 2298 de
452 2233 518 2294 qua
539 2215 577 2275 fit
599 2213 703 2276 llexlo.
1143 2293 1147 2300 ⁹

303 2324 361 2386 His
383 2324 493 2403 itaque
515 2323 728 2404 praepositis,
752 2325 969 2387 constituatur
991 2325 1133 2388 circulus
1155 2324 1335 2389 horizontis

261 2434 327 2512 obp
352 2433 418 2512 (Μ.
442 2432 525 2508 84),
554 2441 585 2495 et
607 2434 767 2496 medietas
790 2434 904 2496 circuli
928 2433 1179 2509 meridionalia,
1203 2436 1265 2515 qui
1286 2442 1334 2499 cst

262 2562 360 2624 super
382 2551 501 2606 terram
524 2561 626 2623 ceap·
649 2550 681 2605 et
702 2551 843 2622 punctus
867 2544 924 2623 qui
941 2552 991 2606 est
1005 2562 1105 2624 super
1119 2545 1237 2625 capita,
1253 2547 1335 2627 site,

261 2661 293 2716 et
322 2653 417 2732 polus
447 2671 608 2733 apparens
640 2653 679 2714 de
708 2651 794 2732 polis
821 2654 980 2732 sphaerae
1003 2660 1143 2734 putidus
1163 2672 1201 2730 z,·
1230 2654 1336 2735 sitque

260 2763 380 2836 sectio,
403 2781 487 2843 quac
511 2769 560 2825 est
581 2781 679 2843 supra
702 2769 823 2824 terram
847 2763 887 2825 de
909 2762 999 2826 linea
1017 2763 1260 2843 aequidistanta
1278 2782 1334 2829 ae·

264 2870 461 2952 quinootiali
489 2879 679 2934 transeunte
702 2890 762 2951 per
790 2873 949 2952 quasdam
978 2871 1091 2936 stellas
1113 2874 1204 2947 hhd,
1229 2873 1336 2954 sitque

261 2981 358 3044 stella
374 2999 458 3063 quae
473 2989 522 3044 est
540 2998 638 3062 super
653 2981 739 3042 hanc
753 2981 875 3045 lineam
890 3000 991 3063 prope
1005 2982 1222 3064 horizontem,
1236 3000 1336 3064 penos

261 3099 421 3172 punctum
445 3102 476 3162 t,·
505 3100 537 3155 et
565 3092 607 3152 sit
630 3091 792 3155 medietas
815 3091 950 3164 circuli,
973 3107 1058 3171 quae
1081 3098 1255 3173 estsuper
1276 3100 1337 3156 ter·

262 3220 333 3264 ram
363 3202 402 3264 de
433 3200 556 3264 circulo
588 3209 775 3263 transeunte
797 3219 855 3280 per
881 3208 1040 3280 punctum
1069 3201 1126 3281 qui
1155 3209 1206 3265 est
1237 3220 1336 3283 super

260 3310 389 3393 capita,
420 3318 452 3374 et
480 3329 539 3391 per
565 3308 695 3372 stellam
719 3304 738 3371 t'
757 3308 986 3373 semicirculus
1009 3309 1097 3374 lectt.
1130 3310 1214 3384 Quia
1234 3311 1336 3393 igitur
1426 3390 1430 3397 .

262 3421 358 3484 stella
379 3438 454 3483 cum
478 3421 577 3483 fuerit
603 3438 703 3500 prope
725 3419 947 3494 horizontem,
969 3420 1099 3482 videtur
1118 3396 1336 3502 propinquior

263 3531 304 3593 ad
322 3538 481 3611 punctum
505 3531 563 3611 qui
586 3538 634 3594 est
657 3548 756 3609 super
777 3530 896 3610 capita,
917 3546 1018 3609 quam
1034 3530 1075 3593 ad
1093 3546 1210 3593 rerum
1224 3529 1334 3595 locum

259 3656 380 3715 suum,
410 3647 442 3704 et
469 3640 578 3703 differt
606 3658 624 3702 a
653 3657 730 3702 vero
757 3638 831 3701 loco
861 3656 922 3703 suo
945 3640 981 3701 in
1004 3639 1156 3701 maximis
1178 3638 1334 3725 circulis,

259 3754 314 3831 qui
343 3757 515 3816 transeunt
543 3769 602 3831 per
629 3758 768 3831 punctos
797 3749 1002 3822 horizontis,
1030 3749 1124 3812 locus
1152 3750 1271 3831 utique
1298 3752 1331 3813 in

258 3880 324 3942 quo
346 3861 442 3925 stella
462 3861 605 3934 videtur,
629 3878 713 3941 quae
736 3867 786 3923 eat
807 3878 907 3942 super
928 3846 1085 3940 punctum
1103 3870 1128 3932 t,
1142 3860 1335 3925 antissio

260 3978 329 4046 stt,
354 3972 439 4034 sicut
462 3977 595 4051 apparet
616 3970 648 4032 in
673 3976 793 4049 puncto
807 3990 850 4044 m,
873 3976 906 4033 et
927 3969 1018 4034 linea
1040 3966 1269 4049 aequidistans
1282 3984 1332 4034 at·

260 4068 468 4160 quinootiali,
485 4098 569 4160 quae
586 4080 703 4143 transit
717 4098 776 4160 per
793 4087 951 4161 punctum
964 4098 1008 4156 m,
1025 4081 1132 4160 magis
1154 4079 1332 4145 declinabit

1162 4350 1175 4383 'l
