3278 5364
1283 531 1323 596 63

261 646 410 705 centrum
432 641 474 704 sit
494 660 534 716 c,
563 640 671 722 sitque
699 658 815 715 aerea,
845 641 1029 704 moderatae
1053 641 1269 723 quantitatis,
1292 651 1324 706 et

258 752 327 814 sint
346 757 505 831 utraeque
527 750 718 831 superficies
740 750 813 814 eius
834 758 1049 830 coaequatae,
1072 758 1196 831 quanto
1218 754 1323 834 magis

260 860 433 941 diligenter
460 861 635 940 coaequari
664 848 823 941 possunt,
855 860 988 942 sintque
1015 863 1234 927 extremitates
1259 863 1322 927 oir-

258 971 491 1034 cumferentiae
520 971 593 1034 eius
621 971 803 1046 rotundae,
832 970 974 1049 lenitae‚
1002 979 1036 1035 et
1057 973 1266 1053 protrahatur
1286 973 1322 1047 in

257 1080 362 1145 altera
377 1081 550 1162 superficie
568 1081 640 1144 eius
658 1099 777 1162 parvus
795 1080 939 1145 circulus
957 1099 1058 1162 super
1074 1056 1224 1146 centrum
1240 1103 1269 1158 u,
1289 1091 1322 1147 ot

260 1190 304 1253 sit
324 1193 440 1271 buda,
469 1199 501 1255 et
528 1192 762 1270 protrahantur
781 1191 817 1254 in
840 1191 966 1256 eaaduo
991 1191 1144 1256 diametri
1173 1201 1322 1257 secantes

259 1319 296 1365 se
317 1301 458 1366 invicem
474 1303 517 1365 ad
531 1308 636 1365 rectos
650 1301 807 1381 angulos,
825 1308 858 1364 et
871 1302 938 1364 sint
958 1303 1017 1378 bd,
1038 1321 1096 1381 qe,
1112 1311 1145 1366 et
1160 1303 1324 1366 dividatur

260 1429 480 1493 unaquaeque
501 1419 619 1492 quarta
640 1430 715 1492 pars
737 1410 853 1475 circuli
874 1431 933 1493 per
952 1415 1133 1492 nonaginta
1150 1421 1274 1494 partes,
1291 1419 1325 1477 et

259 1529 435 1585 sumantur
449 1521 515 1586 duo
537 1523 650 1603 puncti
665 1524 709 1585 td
723 1520 891 1601 tamquam
908 1522 1026 1598 centri,
1042 1529 1074 1585 et
1087 1523 1325 1602 protrahantur

257 1650 319 1713 per
333 1631 504 1695 distantias
526 1634 583 1706 du,
607 1635 654 1697 da
676 1633 759 1696 duae
776 1631 940 1695 sectiones
955 1632 1096 1695 duorum
1112 1632 1324 1707 circulorum,

258 1760 359 1822 super
379 1760 460 1823 quas
481 1739 548 1806 sint'
567 1745 661 1817 aad,
684 1742 760 1820 rut,
783 1749 815 1805 et
835 1742 1078 1806 constituantur
1099 1750 1165 1807 tres
1185 1743 1333 1824 regulae.

257 1852 384 1916 ferreae
398 1852 534 1917 subtiles
548 1846 666 1934 parvae
681 1854 857 1932 quadratae
872 1860 996 1929 rectae,
1013 1871 1154 1933 quarum
1170 1873 1237 1918 una
1251 1873 1322 1917 ma·

259 1969 336 2025 neat
349 1969 453 2038 recta,
469 1969 501 2027 et
513 1962 657 2026 leniatur
672 1982 779 2026 unum
795 1981 833 2027 ex
847 1963 1004 2026 lateribus
1018 1965 1099 2039 suis,
1113 1965 1211 2026 itaut
1225 1983 1321 2046 appa·

259 2079 330 2136 reat
341 2078 509 2154 tamquam
519 2072 839 2154 speculumclarum,
850 2081 883 2137 et
891 2082 1071 2137 curventur
1080 2074 1228 2154 reliquae
1239 2076 1322 2139 duae

259 2181 412 2269 regulae,
433 2183 480 2247 ita
495 2191 531 2245 ut
546 2201 643 2247 curva
657 2184 847 2266 superficies
862 2185 962 2247 unius
981 2191 1014 2248 et
1030 2163 1175 2248 concava
1186 2185 1322 2266 superli-

258 2292 326 2355 cies
348 2291 483 2356 alterius
500 2295 567 2355 sint
584 2311 683 2374 super
699 2294 882 2358 sectionem
902 2292 1017 2357 circuli
1032 2292 1320 2374 aequalis'circulo

259 2403 368 2481 dedu
390 2409 423 2465 et
442 2402 613 2466 leniantur
633 2405 717 2467 duae
740 2402 932 2483 superficies
953 2404 1092 2468 istarum
1113 2403 1321 2484 regularum,

260 2519 297 2573 ut
317 2511 400 2574 flant
422 2501 590 2592 tamquam
612 2513 679 2577 duo
699 2513 846 2596 specula.
868 2513 1040 2593 Gapiamus
1063 2521 1173 2577 autem
1190 2513 1229 2577 de
1244 2531 1324 2576 una·

258 2639 389 2702 quaque
400 2622 540 2686 duarum
552 2621 1014 2704 regularumqualescumque
1026 2623 1321 2698 circumferentias,

257 2738 293 2793 et
310 2733 377 2795 sint
396 2735 481 2808 aad,
503 2733 578 2808 tols,
602 2742 635 2796 et
652 2734 849 2815 copulentur
864 2735 906 2797 bu
921 2751 997 2797 cum
1011 2733 1121 2798 colore
1137 2732 1224 2808 albo,
1237 2742 1269 2798 et
1283 2735 1321 2797 ol

258 2859 336 2904 cum
356 2840 467 2905 colore
490 2843 570 2919 alio,
592 2852 625 2907 et
646 2824 791 2924 erigatur
817 2861 917 2924 super
935 2846 974 2906 ol
995 2844 1124 2925 dioptra
1148 2861 1262 2924 parva,
1291 2851 1324 2907 et

257 2950 301 3013 sit
318 2952 485 3030 praedicta
503 2953 621 3032 plausa
640 2954 688 3016 ita
709 2954 882 3034 disposita,
903 2961 941 3016 ut
953 2954 1024 3033 ipsa
1040 2955 1166 3033 dioptra
1178 2953 1319 3018 faciliter

255 3068 402 3124 transeat
420 3080 480 3142 per
499 3071 659 3142 punctum
673 3067 684 3128 l
700 3071 732 3127 et
745 3062 871 3127 lineam
884 3065 936 3138 ul,
952 3071 986 3126 et
1000 3071 1142 3144 ponatur
1155 3064 1321 3145 praedicta

257 3167 375 3248 planca
387 3188 488 3251 super
501 3171 602 3234 latera
616 3171 879 3252 superficierum,
892 3171 927 3234 in
947 3173 1067 3253 quibus
1082 3179 1161 3235 sunt
1178 3173 1321 3254 specula,

259 3287 291 3349 et
313 3281 403 3361 quod
423 3299 462 3345 ex
482 3282 563 3362 ipsis
585 3282 727 3363 speculis
749 3290 799 3346 est
815 3282 975 3362 planum,
1001 3283 1044 3345 sit
1071 3301 1268 3364 superque,
1290 3289 1342 3344 et·

258 3367 347 3468 quod
367 3372 505 3453 curvum
527 3392 572 3456 sit
592 3410 691 3472 super
704 3395 791 3467 zois,
814 3400 847 3456 et
867 3393 957 3472 quod
971 3410 1150 3457 concavum
1166 3392 1209 3455 sit
1222 3409 1322 3472 super

259 3499 335 3574 tol,
357 3507 389 3565 et
411 3508 551 3582 ponatur
571 3505 606 3565 in
629 3504 740 3567 medio
761 3503 964 3567 sublimioris
980 3503 1092 3567 lateris
1108 3503 1318 3568 uniuscuius-

258 3627 321 3688 que
348 3612 557 3691 speculorum
579 3615 647 3677 axis
674 3615 823 3679 eminens
845 3615 886 3678 ad
908 3615 1163 3678 conservandam
1189 3614 1321 3695 positio·

257 3739 334 3783 nem
356 3722 429 3785 eius
450 3742 549 3803 super
570 3725 679 3806 ipsum
701 3733 861 3806 puuctum
881 3746 909 3790 c.
944 3725 978 3788 Si
1006 3744 1083 3806 ergo
1112 3725 1320 3806 posuerimus

259 3831 399 3895 alterum
422 3833 595 3905 oculorum
623 3854 724 3915 super
750 3837 909 3916 dioptrom
939 3836 973 3898 in
1002 3844 1123 3917 puncto
1145 3839 1169 3909 l,
1199 3834 1257 3915 qui
1279 3833 1322 3896 sit
1410 3920 1415 3930 .

259 3959 359 4022 super.
373 3946 410 4006 al
417 3993 424 4020 ‚
438 3951 469 4006 ot
481 3948 701 4026 aspexerimus
718 3947 758 4010 ad
771 3946 880 4010 locum
892 3946 960 4008 axis
974 3946 1196 4027 speculorum,
1213 3952 1246 4008 et
1257 3942 1323 4010 vol·
1432 4001 1442 4031 ‚

255 4053 399 4118 serimus
411 4073 508 4137 super
521 4055 655 4137 plancae
672 4056 879 4140 superficiem
895 4076 966 4121 rom
981 4073 1112 4139 parvam
1127 4056 1318 4131 coloratam,
