3278 5364
259 568 296 631 tt

258 681 293 741 in
309 677 381 741 loeo
398 696 471 752 suo,
483 677 540 738 ubi
555 677 730 757 apparebat
745 673 935 748 immobilis,
948 683 981 739 et
992 683 1041 738 est
1052 674 1110 739 illa
1122 694 1209 757 quae
1223 678 1327 756 primo

258 789 442 869 apparebat.
467 787 557 850 Unde
580 785 795 850 manifestum
818 792 882 858 est,
908 787 997 866 quod
1019 804 1087 859 res,
1109 786 1145 848 in
1168 804 1237 866 qua
1257 803 1330 848 oon·

257 897 394 959 veniunt
415 897 487 959 looa
508 896 650 969 diversa,
672 914 738 958 non
763 902 812 960 est
833 895 1022 958 eommunis
1043 895 1197 975 utrisque
1220 894 1327 959 oeulis

258 1012 400 1080 tantum,
422 1023 536 1069 verum
559 1006 659 1068 etiam
683 1012 715 1068 et
736 1005 868 1085 propria
889 1011 939 1067 est
960 1004 1146 1084 unicuique
1168 1022 1300 1068 eorum.

299 1117 392 1188 Quod
407 1114 484 1178 lieet
497 1115 595 1177 nobis
610 1114 720 1177 videre
736 1113 869 1177 certiori
883 1119 1028 1195 aspectu,
1042 1112 1072 1175 si
1087 1113 1330 1193 sumpserimus

257 1223 405 1286 tabulam
427 1224 614 1287 moderatae
631 1222 838 1303 quantitatis,
852 1229 884 1286 et
899 1223 1171 1295 constituerimus
1186 1221 1331 1284 colorem

258 1333 331 1395 eius
353 1332 501 1410 nigrum,
534 1339 568 1394 et
593 1333 804 1412 posuerimus
825 1331 861 1392 in
884 1331 1007 1393 minori
1029 1330 1171 1394 laterum
1193 1348 1332 1393 suorum

258 1439 448 1502 distantiam
464 1439 637 1520 aequalem
648 1439 834 1513 distantiae,
847 1457 932 1519 quae
943 1445 993 1502 est
1003 1439 1091 1502 inter
1102 1437 1231 1513 oeulos,
1241 1437 1331 1500 utut

262 1549 324 1628 (βε.
341 1549 411 1624 ibt,
428 1554 460 1610 et
473 1548 674 1610 erexerimus
689 1549 724 1608 in
740 1554 863 1628 puncto
878 1547 1064 1610 medietatis
1077 1547 1162 1621 eius,
1173 1547 1234 1626 qui
1244 1552 1294 1610 est
1304 1564 1332 1625 p,

259 1657 565 1738 perpendicularem
576 1659 622 1734 qd
630 1706 637 1731 ,
651 1664 682 1719 et
695 1657 951 1736 protraxerimus
964 1656 1072 1719 lineas
1083 1675 1160 1730 aas,
1172 1657 1252 1729 leit,
1265 1655 1331 1729 tels,

259 1774 292 1830 et
311 1766 412 1829 fuerit
434 1767 491 1829 tet
514 1766 739 1846 aequidistans
762 1765 851 1828 linea
872 1766 929 1840 ab,
951 1772 985 1828 et
1004 1764 1197 1828 linierimus
1210 1767 1258 1844 pd
1278 1780 1332 1827 oo·

259 1875 330 1939 lore
353 1874 428 1938 albo
451 1881 483 1938 et
510 1875 568 1937 telr
593 1873 703 1938 colore
730 1874 846 1949 viridi,
875 1882 907 1937 et
928 1892 995 1937 oea
1016 1874 1129 1938 eolore
1149 1875 1257 1938 nabeo
1271 1910 1286 1950 ,·
1301 1879 1333 1937 et

260 1965 326 2048 bele
345 1985 455 2048 colore
477 2001 605 2058 eroreo,
628 1991 661 2048 et
682 1984 880 2047 erexerimus
896 2000 1026 2063 supere
1043 1983 1180 2065 aliquod
1195 2000 1332 2064 pervum

259 2093 389 2157 subtile.
417 2094 630 2157 Posuerimus
652 2101 765 2156 autem
787 2111 888 2174 super
909 2101 1049 2174 punctos
1071 2112 1109 2167 a,
1131 2094 1149 2154 b
1172 2099 1331 2173 utrosque

260 2202 387 2278 oeulos,
410 2211 442 2265 et
462 2203 668 2265 tenderimus
690 2220 766 2265 eum
787 2210 923 2283 aspectu
937 2210 1051 2266 nostro
1067 2202 1110 2265 ad
1122 2201 1236 2265 lorum
1250 2219 1330 2265 aex-

261 2313 393 2393 quisite,
409 2319 506 2374 erunt
522 2311 632 2376 lineae
646 2332 699 2388 ar,
718 2312 764 2373 ile
781 2330 882 2392 super
899 2330 986 2387 axes,
1004 2319 1038 2375 et
1051 2312 1223 2394 apparebit
1237 2313 1332 2377 nobis

260 2422 350 2485 linea
363 2421 429 2498 tei,
443 2439 528 2501 quae
544 2428 593 2486 est
603 2420 717 2484 viridis
730 2419 862 2497 coloris,
874 2440 942 2484 una
952 2422 1053 2497 linea,
1064 2412 1225 2501 quoniam
1236 2422 1332 2486 estin

260 2529 335 2594 loeo
350 2531 596 2594 coniunctionis
615 2529 737 2604 axium,
751 2536 784 2592 et
798 2520 1003 2611 apparebunt
1019 2530 1117 2593 nobis
1133 2529 1333 2606 lineae-aes,

260 2656 347 2718 quae
367 2648 417 2702 est
432 2641 546 2714 rubea,
565 2646 597 2702 et
612 2640 698 2715 beli,
715 2656 799 2718 quae
815 2646 864 2702 est
879 2656 1004 2713 orooea,
1019 2647 1182 2719 utraeque
1196 2640 1334 2720 quidem

259 2749 454 2810 coniunctae
475 2748 512 2809 in
533 2764 601 2810 uno
622 2749 707 2823 loeo,
728 2748 881 2812 videlieet
903 2766 1003 2828 super
1022 2751 1089 2827 9d;
1111 2765 1333 2830 unaquaeque
1358 2779 1361 2785 ¹

262 2873 341 2918 vero
363 2873 478 2918 earum
501 2856 656 2918 semotim
670 2858 706 2919 in
722 2856 787 2920 alio
801 2856 886 2930 loeo,
907 2875 972 2919 aea
988 2857 1121 2937 quidem
1133 2874 1237 2936 super
1249 2860 1334 2932 tem,

260 2964 331 3028 bele
345 2981 421 3027 vero
435 2980 536 3043 super
549 2982 629 3039 oea·
643 2965 715 3045 ipsa
730 2982 808 3027 vero
823 2964 892 3043 ped
906 2981 991 3043 quae
1004 2971 1053 3028 est
1064 2964 1150 3038 alba,
1164 2965 1334 3045 apparebit

263 3068 364 3153 super
384 3092 428 3136 aa
450 3079 482 3136 et
503 3091 606 3153 super
626 3075 683 3135 bb.
697 3076 734 3135 Et
748 3092 825 3137 eum
840 3074 1017 3136 texerimus
1032 3074 1142 3137 visum
1157 3077 1175 3136 t
1189 3074 1231 3138 da
1245 3074 1336 3137 linea

261 3183 396 3262 quidem
413 3184 485 3258 tet,
502 3201 587 3263 quae
604 3190 655 3246 est
669 3184 795 3257 viridis,
808 3181 895 3245 nihil
911 3183 1140 3259 abscondetur,
1151 3182 1195 3247 de
1206 3185 1335 3248 duabus

260 3310 336 3355 vero
358 3292 457 3355 lineis
480 3293 565 3356 albis
586 3291 809 3356 abscondetur
827 3298 932 3354 totum
945 3292 979 3354 id
993 3293 1083 3371 quod
1098 3299 1148 3356 est
1161 3308 1265 3373 super
1276 3311 1335 3368 es,

261 3409 293 3464 et
311 3403 529 3465 abscondetur
552 3402 591 3465 de
614 3418 654 3464 eo
678 3402 766 3482 quod
785 3396 920 3482 apparet
941 3418 1042 3481 super
1061 3403 1109 3480 pd
1130 3408 1220 3464 totus
1242 3401 1335 3466 oolor

260 3527 410 3589 oroeeus3
427 3512 468 3575 da
482 3511 537 3572 his
551 3518 662 3574 autem
679 3528 764 3590 quae
779 3510 904 3573 suntin
916 3511 1043 3573 duabus
1057 3511 1331 3586 extremitatibus,

259 3619 477 3683 abscondetur
490 3621 604 3693 rubea,
616 3636 699 3698 quae
713 3625 763 3683 est
775 3637 876 3700 super
888 3621 946 3681 lm.
962 3619 1123 3700 Reliquae
1134 3638 1212 3683 vero
1222 3621 1334 3684 lineae

260 3735 456 3793 conservant
476 3728 550 3792 looa
572 3747 703 3801 earum,
726 3746 812 3808 quae
834 3729 1016 3804 habebant,
1032 3729 1165 3807 quando
1182 3735 1336 3811 aspertus

259 3837 433 3902 oculorum
447 3837 584 3901 oadebat
598 3856 698 3918 super
713 3855 779 3900 eas.
793 3838 887 3911 Quod
902 3845 1008 3901 totum
1025 3839 1177 3917 sequitur
1194 3857 1234 3902 ea
1250 3856 1335 3920 quae

261 3948 353 4027 prius
377 3947 680 4012 determinavimus.

302 4057 367 4120 Hac
388 4058 487 4138 igitur
508 4060 547 4140 de
570 4074 681 4133 eausa,
700 4075 776 4120 oum
792 4056 876 4120 visui
895 4057 1035 4120 insitum
1052 4057 1094 4120 sit
1108 4057 1262 4130 mirabile
1278 4059 1336 4125 de·
