3278 5364
286 579 345 643 130

284 691 413 773 punctis
431 703 455 769 t,
472 693 498 754 k.
522 695 638 755 Forma
662 711 769 772 ergon
791 693 853 756 erit
867 711 966 773 penos
983 699 1140 771 punctum
1156 703 1183 765 t,
1198 699 1231 754 et
1247 692 1350 755 torma

285 805 426 883 hpenes
448 810 607 884 punctum
629 804 661 879 h,
684 811 716 867 et
738 811 836 866 erunt
857 800 943 877 loca,
966 804 1000 864 in
1023 803 1141 882 quihus
1165 802 1351 887 sentiuntur

188 920 193 929 ’
286 913 422 987 formae,
444 914 479 975 in
503 913 649 994 partibus
673 912 757 986 illis,
780 914 815 976 in
838 913 958 993 quihus
980 912 1169 975 sentiuntur
1189 929 1271 976 vere
1289 930 1348 975 res.

286 1023 510 1087 Transferatur
531 1025 675 1103 itaqueh
697 1025 736 1084 ad
754 1025 780 1096 t,
803 1031 834 1085 et
855 1023 1050 1102 refringatur
1071 1023 1113 1085 ad
1135 1040 1214 1085 eum
1237 1022 1279 1083 ad
1301 1040 1349 1085 ae·

286 1133 398 1213 qrrales
428 1132 564 1215 angulos
585 1136 662 1207 eht,
691 1140 722 1196 et
744 1133 947 1213 protrahatur
968 1136 1058 1206 dim,
1087 1140 1118 1195 et
1140 1133 1296 1211 iungatur
1315 1153 1349 1211 ep

285 1244 460 1324 productae
493 1244 527 1306 in
561 1250 681 1325 puncto
702 1263 743 1305 m.
778 1245 844 1305 Erit
865 1262 940 1323 ergo
964 1243 1122 1306 translata
1142 1244 1249 1306 forma
1271 1245 1291 1307 tc
1310 1246 1348 1306 ad

286 1361 443 1435 punctum
458 1375 504 1430 m,
527 1354 584 1435 qui
607 1352 709 1418 estin
734 1353 790 1416 illa
813 1360 912 1434 parte,
935 1355 976 1416 ad
999 1372 1098 1434 quam
1120 1353 1282 1418 translata
1302 1363 1349 1418 est

287 1482 340 1530 res
360 1484 446 1529 vena.

329 1578 451 1640 Rursus
466 1577 494 1640 si
507 1579 537 1652 h,
549 1579 570 1652 l,
586 1577 642 1658 qni
656 1584 732 1640 sunt
744 1595 795 1641 res
808 1578 976 1650 videndae,
989 1576 1112 1639 fuerint
1122 1594 1223 1658 super
1235 1578 1349 1650 visum,

286 1688 412 1751 formae
441 1688 554 1768 utique
576 1688 611 1764 h,
633 1708 664 1751 m
692 1697 794 1769 erunt
816 1707 915 1770 super
934 1689 1064 1762 visum,
1095 1689 1349 1769 et·apparehunt

287 1817 386 1879 supra
407 1798 679 1880 magnitudinem.
703 1803 823 1864 Rerum
846 1801 950 1873 enim,
973 1817 1112 1879 quarum
1134 1799 1235 1862 facies
1256 1817 1348 1862 verae

287 1916 365 1972 sunt
386 1911 552 1991 oppositae
576 1912 767 1991 aspicienti,
791 1911 1006 1975 sublimitates
1028 1910 1349 1990 comprehenduntur

286 2039 345 2102 per
363 2001 481 2084 'radios
510 2021 678 2086 sublimes.
714 2023 746 2085 si
774 2040 850 2085 vero
880 2020 1173 2085 existimaverimus
1195 2024 1218 2084 h
1244 2025 1348 2085 etta

288 2131 407 2194 dextris
434 2133 544 2206 visus,
574 2133 692 2194 accidit
720 2150 790 2195 esse
819 2133 940 2194 formas
963 2149 1098 2204 eorum,
1127 2149 1213 2210 quae
1236 2133 1348 2193 sunttv

289 2247 320 2304 et
341 2259 384 2315 m,
408 2259 427 2302 a
447 2242 566 2304 dextris
589 2242 730 2315 nostris,
759 2243 903 2304 sednon
927 2247 1083 2321 putantur
1105 2259 1177 2304 esse
1201 2242 1346 2317 dextrae,

288 2351 446 2432 quoniam
468 2351 502 2413 id
525 2353 612 2431 quod
634 2353 673 2415 de
696 2352 797 2416 radiis
819 2352 948 2428 dextris,
963 2351 1020 2432 qui
1037 2353 1158 2415 cadunt
1175 2371 1277 2432 super
1290 2352 1348 2416 for·

288 2480 377 2524 mam
387 2480 482 2525 verae
496 2463 545 2525 rei
558 2464 723 2543 oppositae
737 2462 834 2526 faciei
848 2470 977 2526 nostrae
993 2472 1025 2526 et
1042 2468 1176 2543 apparet
1189 2464 1226 2526 in
1243 2464 1347 2526 dextra

287 2579 376 2653 parte
397 2579 518 2647 nostra,
541 2580 591 2636 est
604 2592 623 2635 a
637 2573 770 2636 sinistra
792 2580 882 2654 parte
900 2574 1093 2648 formarum,
1113 2580 1145 2636 et
1163 2592 1224 2654 per
1242 2575 1346 2639 radios

288 2685 416 2747 dextros
431 2684 719 2765 comprehenditur
733 2684 901 2746 sinistrum
918 2683 1003 2746 latus
1021 2685 1067 2746 rei
1086 2684 1261 2765 videndae,
1276 2704 1346 2748 cum

285 2794 383 2858 tuerit
393 2793 480 2858 inter
491 2795 659 2875 speculum
671 2801 702 2858 et
714 2795 926 2875 aspicientem
938 2793 1086 2875 opposita
1097 2794 1196 2857 faciei
1208 2802 1347 2869 nostrae,

256 2938 270 2973 ι
290 2913 322 2969 et
342 2913 429 2969 recte
452 2904 622 2986 aspicitur3
645 2906 758 2968 sedin
781 2906 1042 2968 reverberatione
1061 2906 1347 2986 comprehenditur
1386 2938 1390 2947 ·

288 3017 436 3080 dextrum
456 3015 556 3090 letus,
580 3024 611 3079 et
631 3016 731 3080 facies
753 3017 935 3079 formarum
957 3023 1033 3078 sunt
1050 3016 1147 3079 nohis
1164 3018 1343 3098 oppositae.

241 3134 245 3139 '
288 3129 422 3191 Formae
445 3146 520 3207 ergo
545 3146 628 3208 quae
651 3134 727 3192 sunt
749 3129 899 3201 dextrae,
922 3128 1149 3190 existimantur
1171 3147 1244 3195 esse
1272 3129 1346 3192 sini·

289 3244 375 3302 strae
397 3245 529 3321 propter
550 3240 836 3313 consuetudinem,
859 3256 958 3319 quam
979 3239 1067 3300 visus
1089 3237 1208 3302 solitus
1227 3247 1277 3303 est
1293 3241 1346 3303 ha·

288 3349 423 3413 hersin
446 3350 619 3430 positione.

332 3461 369 3522 In
399 3461 549 3524 concavis
580 3461 720 3544 speculis
752 3478 827 3524 cum
857 3461 962 3524 forma
988 3459 1036 3522 rei
1064 3461 1228 3524 videndae
1252 3463 1349 3539 tuerit

290 3572 376 3633 inter
397 3564 567 3652 speculum
589 3579 621 3635 et
644 3571 874 3653 aspicientem,
897 3571 1035 3634 sentitur
1055 3569 1091 3632 in
1115 3571 1243 3634 diversa
1263 3577 1347 3653 parte

291 3698 389 3760 quam
411 3680 481 3756 illa,
503 3681 537 3742 in
562 3699 626 3762 que
647 3689 696 3746 est
719 3701 770 3744 res
792 3701 871 3746 vera
892 3683 1042 3755 videnda,
1061 3687 1187 3744 etcum
1206 3699 1348 3747 resvera

290 3791 388 3854 fuerit
409 3792 565 3855 translata
580 3794 620 3855 ad
635 3793 778 3873 aliquam
796 3795 952 3874 partium,
976 3799 1109 3873 apparet
1127 3794 1234 3855 torma
1248 3802 1347 3856 trans·

233 3900 237 3909 '
291 3902 357 3965 lata
378 3903 418 3964 ad
440 3903 602 3966 diversam
623 3903 674 3964 illi
696 3901 830 3984 partein.
856 3907 927 3966 Esto
951 3904 1051 3966 sectio
1074 3902 1190 3966 circuli
1216 3905 1254 3966 in
1277 3922 1346 3967 con·
1409 3970 1412 3975 ,

292 4031 370 4075 cavo
393 4014 524 4094 speculo
546 4015 608 4094 obp
625 4015 687 4094 (sip.
706 4017 775 4089 73),
799 4016 891 4078 cuius
914 4024 1063 4078 centrum
1080 4017 1114 4088 d,
1136 4013 1227 4077 visus
1245 4021 1345 4078 autem

293 4128 335 4186 sit
346 4142 373 4197 a,
390 4131 421 4187 et
436 4144 472 4188 ex
487 4125 645 4189 lateribus
662 4127 848 4209 aspicientis
865 4129 931 4191 sint
945 4127 1027 4191 duae
1044 4146 1094 4193 res
1111 4127 1271 4191 videndae
1282 4146 1308 4201 a,
1320 4125 1344 4195 tt
