3278 5364
331 545 370 605 82

329 653 382 714 his
416 669 500 731 quae
534 650 694 724 diximus,
729 652 818 730 quod
846 653 884 725 si,
906 652 1114 731 posuerimus
1142 653 1312 733 angulum
1332 656 1402 734 pals

328 763 414 825 sicut
434 759 590 840 angulum
613 762 702 835 aad,
723 776 792 824 non
815 761 1058 842 coniungantur
1079 760 1171 825 linea
1189 764 1239 827 sit
1260 769 1294 827 et
1314 763 1403 828 linea

330 871 369 935 tc
381 888 479 951 super
493 869 635 933 alterum
652 876 850 949 punctorum
865 871 897 944 t,
911 890 937 944 c,
952 888 1061 951 neque
1076 871 1118 934 ad
1132 878 1261 953 partem
1276 890 1402 947 eorum,

331 980 491 1061 quoniam
512 977 655 1058 angulus
683 980 750 1041 aba
777 986 829 1043 est
848 981 956 1043 maior
977 979 1101 1059 angulo
1126 982 1217 1060 yzit.
1245 982 1405 1046 Similiter

330 1090 431 1153 etiam
446 1088 734 1164 demonstrabitur,
750 1090 839 1169 quod
854 1090 883 1150 si
896 1089 1152 1170 protraxerimus
1168 1107 1238 1155 erc
1252 1090 1405 1167 ridenda,

330 1216 414 1278 quae
443 1204 494 1261 est
521 1216 559 1273 e,
591 1197 899 1279 perpendicularem
919 1209 954 1261 et
975 1216 1075 1278 super
1094 1216 1161 1279 aa,
1188 1206 1222 1263 et
1242 1201 1404 1281 produxe·

331 1307 437 1368 rimus
462 1305 570 1368 lineas
601 1315 657 1381 et,
684 1307 747 1381 db,
776 1307 1020 1386 conjungentur
1040 1307 1076 1367 in
1097 1314 1222 1387 puncto
1251 1308 1293 1371 lt.
1326 1308 1406 1383 Quia

331 1416 433 1494 igitur
453 1415 568 1494 anguli
589 1416 679 1489 dia,
706 1415 770 1493 aba
792 1422 869 1477 sunt
891 1412 1065 1495 aequales,
1087 1417 1150 1479 erit
1170 1416 1316 1497 angulus
1336 1419 1405 1481 dle

330 1525 442 1587 minor
461 1530 560 1588 recto.
596 1522 745 1603 angulus
771 1542 846 1604 ergo
872 1525 935 1587 tet
961 1524 993 1588 ei
1020 1524 1190 1604 oppositus
1211 1527 1276 1589 erit
1295 1526 1404 1591 minor

329 1640 441 1707 recto,
463 1641 497 1697 et
518 1633 594 1697 ideo
617 1641 649 1697 et
670 1634 750 1713 quia
771 1634 912 1713 angulus
939 1633 1005 1703 tta
1029 1641 1079 1697 est
1099 1640 1229 1708 meurs.
1251 1652 1295 1699 eo
1315 1636 1403 1717 quod

331 1748 380 1806 est
400 1743 570 1824 oppositus
600 1741 722 1822 angulo
742 1753 817 1821 pte,
847 1743 910 1806 erit
931 1742 1020 1823 quod
1043 1761 1082 1805 ex
1102 1743 1253 1824 unisque
1274 1744 1404 1825 angulis

331 1849 410 1927 til,
432 1852 495 1915 ott
520 1851 633 1915 miuus
655 1852 784 1915 duobus
806 1852 916 1915 rectis.
942 1852 1064 1917 lineae
1086 1870 1163 1933 ergo
1183 1862 1240 1927 ct,
1260 1854 1308 1917 dl
1328 1855 1403 1917 iuu-

332 1968 455 2043 guntur
482 1979 582 2042 super
609 1968 769 2042 punctum
803 1961 837 2022 lc.
869 1962 987 2024 Forma
1013 1980 1089 2043 ergo
1121 1980 1160 2037 e,
1189 1980 1293 2043 qnam
1319 1964 1406 2027 videt

328 2070 421 2133 visus
453 2072 493 2145 d,
526 2054 705 2150 estsuper
732 2075 892 2150 punctum
918 2071 953 2133 lc.
986 2070 1111 2133 decidit
1135 2070 1250 2151 itaquo
1278 2072 1317 2133 in
1342 2071 1404 2135 hoc

330 2179 476 2260 speculo,
497 2179 583 2241 sicut
602 2179 638 2240 id
659 2179 749 2258 quod
770 2186 858 2242 recte
873 2178 1013 2253 videtur,
1030 2195 1071 2242 eo
1086 2179 1176 2259 quod
1190 2196 1245 2243 res
1259 2198 1348 2261 quae
1359 2180 1405 2244 ri-

332 2290 451 2352 dentur
472 2304 550 2349 cum
576 2305 645 2350 uno
667 2287 760 2349 radio
782 2306 849 2350 non
872 2296 974 2363 recto,
988 2294 1148 2369 apparent
1167 2288 1203 2351 in
1226 2308 1299 2353 uuo
1320 2288 1405 2353 loco.

373 2398 454 2460 Cum
480 2396 703 2477 aspexerimus
718 2395 845 2476 aliquid
859 2397 895 2459 iu
909 2397 1009 2479 pleno
1023 2397 1169 2479 speculo,
1183 2398 1344 2464 distfflm
1355 2399 1404 2475 roi

330 2508 490 2571 videndae
519 2513 552 2569 et
579 2505 735 2569 distantia
756 2507 882 2569 formae
904 2507 976 2570 eius
998 2526 1018 2571 a
1039 2507 1115 2571 visu
1136 2507 1295 2588 aequales
1315 2515 1402 2571 sunt.

330 2619 404 2679 usto
427 2623 517 2678 recta
533 2615 634 2690 linea,
655 2614 790 2695 quaein
806 2614 906 2696 plano
921 2614 1056 2696 speculo
1066 2616 1136 2695 aba
1151 2616 1213 2696 (pia.
1229 2616 1302 2693 st),
1317 2624 1351 2681 et
1362 2617 1406 2679 sit

332 2725 420 2787 visus
441 2732 583 2804 punctus
604 2726 638 2799 d,
661 2742 714 2787 res
736 2730 847 2787 autem
869 2724 1013 2789 videnda
1033 2732 1219 2805 punctum,
1242 2726 1404 2791 otrentu-

332 2834 419 2913 gitur
440 2832 551 2894 radius
574 2851 593 2894 a
614 2832 687 2894 visu
708 2835 729 2896 d
751 2833 792 2894 ad
807 2831 962 2912 aequales
978 2832 1128 2913 angulos,
1143 2834 1252 2915 sitque
1265 2834 1351 2911 dle,
1372 2841 1405 2899 et

330 2941 538 3023 protrahatur
559 2941 600 3004 ab
622 2959 637 3003 c
657 2940 938 3021 perpendicularis
961 2959 1061 3022 super
1081 2961 1139 3022 aq,
1160 2943 1271 3023 sitque
1291 2960 1351 3020 aa,
1372 2949 1405 3007 et

330 3051 554 3132 producantur
567 3050 677 3114 lineae
691 3053 713 3111 d
721 3051 752 3125 b,
767 3069 818 3124 aa,
833 3069 1008 3131 quousque
1022 3051 1205 3131 iungantur
1218 3052 1255 3113 in
1270 3054 1304 3117 lt.
1322 3052 1406 3115 Dici·

207 3180 213 3192 ·
330 3180 406 3224 mus
421 3179 497 3240 ergo
511 3161 602 3241 quod
617 3159 707 3224 linea
720 3163 770 3224 du
787 3160 936 3241 aequalis
952 3168 1002 3223 est
1015 3160 1164 3241 utrisque
1178 3159 1279 3225 lineis
1293 3162 1351 3237 let,
1365 3162 1403 3223 lc

329 3271 431 3335 simul
445 3270 596 3351 acceptis,
612 3277 645 3333 et
664 3289 704 3333 aa
725 3271 811 3333 sicut
831 3272 893 3346 ata·
913 3270 1073 3350 quoniam
1087 3287 1165 3349 ergo
1182 3270 1325 3350 angulus
1338 3272 1404 3334 ald

330 3386 379 3443 est
394 3379 541 3460 aequalis
558 3374 681 3460 angulo
695 3381 768 3456 zbc,
783 3387 815 3442 et
830 3379 971 3459 angulus
985 3380 1051 3441 abit
1065 3380 1151 3442 sicut
1165 3378 1308 3459 angulus
1322 3381 1402 3456 alal,

329 3490 408 3569 quia
432 3496 512 3551 sunt
538 3489 702 3571 oppositi;
737 3489 878 3570 angulus
903 3507 982 3552 vero
1003 3488 1062 3569 qui
1084 3496 1136 3553 est
1160 3506 1265 3569 penes
1284 3506 1323 3563 s,
1354 3495 1404 3553 est

328 3605 448 3670 rectus,
469 3605 501 3659 et
523 3597 612 3661 linea
640 3600 681 3661 ba
706 3599 893 3684 communis
915 3604 964 3661 est
985 3599 1114 3661 duobus
1130 3598 1402 3677 triangulislslt,

330 3709 403 3783 bac,
426 3706 488 3770 erit
508 3706 600 3770 linea
627 3720 664 3769 ea
689 3708 773 3770 sicut
793 3710 856 3783 alt,
883 3714 917 3771 et
938 3706 1027 3781 linea
1052 3709 1091 3769 bc
1116 3708 1203 3771 sicut
1227 3707 1318 3771 linea
1340 3710 1402 3783 ott,-

331 3817 417 3879 etsi
448 3816 658 3897 posuerimus
689 3819 734 3878 db
763 3835 993 3891 communem,
1020 3817 1083 3879 erit
1110 3824 1179 3879 tota
1210 3819 1287 3881 att
1318 3816 1404 3880 siout

330 3935 489 4008 utraeque
504 3926 615 3989 lineae
629 3927 685 4001 db,
700 3927 738 3988 be
759 3925 859 3988 simul
877 3934 1038 4008 acceptae.
1062 3928 1105 3988 Ex
1121 3925 1174 3987 his
1187 3933 1301 3991 autem
1318 3944 1403 4007 quae

333 4036 487 4111 diximus,
501 4037 710 4116 dignoscetur
725 4037 812 4117 quod
828 4037 934 4099 forma
947 4054 1070 4111 rerum,
1085 4052 1227 4117 quarum
1246 4035 1403 4122 distantia
