3278 5364
338 515 400 580 tot

336 630 394 703 riu·
415 625 552 708 angulos
571 643 659 701 vcro,
680 626 739 708 qui
760 630 837 691 sunt
858 644 958 710 penas
977 646 1000 692 o
1021 632 1055 692 et
1074 647 1097 704 r,
1118 624 1269 692 dividunt
1288 627 1395 693 lineae

336 736 417 812 aod,
438 738 503 817 :qt
529 737 566 800 in
595 737 676 802 duas
708 736 922 818 medietates3
948 736 1038 802 linea
1064 754 1139 818 ergo
1163 755 1204 802 so
1237 743 1287 803 ast
1311 737 1397 802 sicut

336 848 427 915 linea
446 851 503 926 ob,
526 855 558 914 et
581 848 670 913 linea
687 867 729 930 ap
749 848 835 914 sicut
859 847 1018 929 liueapftr
1044 848 1307 930 unumquodque
1320 865 1396 913 roro

337 959 476 1023 istorum
491 965 540 1023 est
554 957 773 1041 impossibile;
794 958 883 1022 linea
897 957 987 1022 euim
1006 974 1042 1020 sc
1060 957 1123 1022 fuit
1139 958 1225 1022 sicut
1240 956 1333 1023 linos
1347 958 1395 1025 oft

337 1068 493 1133 Similiter
514 1069 614 1135 etiam
635 1069 910 1134 demonstrabitur
924 1087 993 1134 non
1011 1086 1106 1150 posse
1122 1068 1194 1133 fleri
1213 1068 1398 1135 reverbera-

337 1179 462 1244 tionem
483 1181 571 1244 inter
592 1182 608 1244 b
630 1187 664 1244 at
682 1179 703 1245 b
722 1198 830 1263 nequo
852 1180 937 1244 iuter
958 1189 970 1243 t
991 1185 1024 1244 ot
1045 1181 1064 1247 t

378 1291 428 1353 fit
449 1291 547 1356 stiam
568 1290 787 1356 reverberatio
809 1308 848 1356 ox
868 1290 972 1355 fribus
989 1290 1080 1368 locis,
1095 1290 1244 1374 quarm
1256 1290 1397 1357 linem
1460 1371 1467 1384 .

336 1401 379 1467 sit
390 1402 497 1466 maior
510 1420 610 1485 quam
623 1403 713 1468 linea
722 1405 770 1467 cb.
782 1403 875 1468 secet
887 1402 998 1486 imque
1013 1401 1156 1469 circulus
1166 1402 1331 1468 transiens
1340 1418 1397 1485 por

336 1519 475 1596 punctos
488 1515 556 1580 aab
571 1514 635 1595 (fio.
649 1513 701 1592 tt)
717 1532 984 1597 unamquamque
999 1513 1339 1579 circumferentiarum
1351 1514 1396 1593 fb,

337 1628 399 1692 bm.
411 1629 483 1694 Non
499 1647 575 1711 ergo
589 1629 786 1710 refringatur
800 1647 819 1692 a
833 1629 963 1712 punctis
976 1629 1031 1704 at
1045 1627 1165 1704 raditis,
1173 1627 1340 1692 mantiam
1350 1642 1396 1690 ax·

334 1740 518 1823 posuimus,
534 1741 691 1822 quoniam
708 1740 971 1806 circumferentia
984 1742 1028 1805 ds
1043 1741 1150 1804 maior
1163 1745 1214 1804 ost
1225 1756 1330 1822 quam
1341 1739 1397 1803 cir·

334 1851 550 1918 cumferentia
562 1853 625 1928 ct,
640 1870 707 1930 ¹nec
728 1854 924 1934 refringatur
943 1870 964 1916 a
984 1858 1107 1934 puncto
1127 1851 1160 1928 b,
1181 1851 1398 1932 quoniam-se

335 1964 442 2027 maior
455 1969 505 2027 est
517 1964 570 2040 oft,
585 1970 619 2028 et
632 1963 699 2029 duo
714 1963 938 2047 angulipaues
949 1980 965 2027 e
975 1968 1053 2027 suut
1063 1962 1227 2027 recuset
1238 1961 1398 2027 νὶωᾱιιι·

333 2092 409 2138 rum
428 2075 743 2152 reverberationum,
765 2093 850 2158 quac
873 2074 996 2138 flebant
1010 2074 1171 2157 apunctis
1186 2074 1220 2150 b,
1232 2072 1268 2151 t,
1280 2073 1397 2139 retiu-

336 2193 452 2266 gsntur
473 2186 539 2250 duo
559 2187 643 2252 radii
663 2205 683 2250 a
703 2185 977 2262 circumferentia,
992 2204 1077 2267 quae
1092 2191 1142 2250 cst
1158 2185 1245 2248 iuter
1258 2191 1396 2267 punctos

335 2295 367 2371 b,
383 2297 418 2372 t,
435 2303 467 2360 et
480 2297 550 2362 vice
564 2297 833 2362 reverberationis
848 2297 1015 2362 existentis
1029 2314 1049 2362 a
1062 2300 1185 2380 puncto
1199 2304 1225 2372 t,
1239 2295 1397 2376 rebingc·

336 2413 390 2470 tur
402 2407 514 2472 radius
529 2408 616 2473 iuter
629 2414 768 2491 punctos
779 2411 820 2485 tt,
834 2409 993 2490 quoniam
1007 2427 1076 2473 nou
1086 2406 1279 2488 refringitur
1286 2407 1396 2473 radius

335 2536 355 2583 a
375 2519 639 2584 circumferentia
659 2537 744 2602 quae
764 2525 815 2582 ost
835 2519 922 2582 inter
938 2530 949 2583 t
963 2526 997 2584 et
1010 2519 1042 2596 b,
1059 2537 1168 2600 neque
1181 2518 1226 2583 ab
1237 2516 1300 2583 illa
1312 2534 1396 2600 quse
1482 2504 1486 2515 ’

334 2637 384 2692 est
409 2630 495 2693 inter
520 2629 539 2692 t
565 2638 597 2693 st
623 2650 664 2694 m.
691 2631 725 2694 Si
753 2631 844 2694 euim
869 2637 1048 2711 poneretur
1072 2629 1290 2694 reverberatio
1314 2629 1398 2693 inter

335 2739 481 2821 aliquam
502 2742 640 2806 istarum
661 2742 1018 2817 circumferentiarum,
1041 2742 1159 2805 accidit
1178 2741 1256 2805 indo
1276 2741 1396 2823 impor-

334 2851 452 2927 sibile,
480 2853 639 2934 quoniam
666 2870 743 2916 cum
764 2851 876 2934 auguli
896 2855 977 2928 aad,
1000 2852 1067 2918 risit
1085 2851 1153 2915 siut
1173 2849 1347 2933 aequales,
1367 2859 1397 2915 et

333 2963 445 3042 anguli
470 2967 559 3040 aad,
581 2965 670 3040 dab,
699 2971 732 3029 et
762 2970 893 3046 propter
919 2962 982 3028 boc
1004 2962 1117 3044 anguli
1138 2966 1215 3045 aas,
1234 2961 1307 3041 fab
1333 2962 1399 3025 sint

334 3073 503 3155 aequales,
533 3081 565 3139 et
590 3094 704 3139 rursus
730 3075 868 3156 angulus
888 3078 954 3154 asa
976 3075 1022 3139 sit
1039 3073 1146 3138 maior
1165 3073 1289 3156 angulo
1309 3075 1396 3154 osb,

333 3194 365 3251 st
395 3187 536 3268 angulus
561 3190 627 3253 zcd
651 3189 759 3253 maior
789 3188 909 3269 angue
935 3191 1023 3264 bzd,
1051 3206 1090 3252 eo
1112 3188 1202 3269 quod
1223 3186 1397 3251 circumfo-

332 3298 439 3362 rentia
458 3303 502 3363 τά
523 3302 628 3366 maior
645 3306 695 3364 est
709 3318 809 3382 quam
831 3298 1094 3364 circumferentia
1114 3299 1177 3374 tt,
1197 3298 1306 3380 sitque
1327 3314 1398 3380 pro·

330 3415 404 3490 pter
427 3409 490 3473 hoc
521 3410 659 3492 eugtrlus
686 3413 751 3476 rob
782 3410 889 3474 maior
919 3406 1194 3490 qnamxangnlus
1222 3426 1307 3483 scs,
1336 3398 1398 3472 'orit

331 3518 409 3582 inde
426 3539 470 3584 sa
483 3523 589 3586 maior
604 3539 705 3604 quam
725 3524 788 3596 ab,
810 3527 843 3585 et
859 3521 922 3586 erit
939 3523 980 3585 rb
1000 3521 1110 3584 maior
1122 3528 1225 3602 quam
1237 3518 1399 3584 steterit

331 3629 408 3694 iude
431 3629 570 3711 angulus
589 3634 661 3697 aba
680 3633 788 3697 maior
809 3650 909 3714 quam
935 3630 1078 3714 angrssm
1098 3631 1184 3711 aab,
1206 3635 1238 3695 ot
1259 3629 1398 3712 augubu

329 3741 400 3805 sab
419 3742 528 3806 maior
548 3760 649 3824 quem
675 3741 815 3824 angulus
835 3744 914 3820 aba,
936 3745 978 3809 et'
990 3748 1141 3807 remanet
1167 3739 1311 3822 angulus
1330 3738 1398 3805 stoi

330 3852 443 3918 minor
461 3852 582 3936 augurio
603 3873 685 3931 nor,
707 3863 741 3919 ct
762 3854 902 3936 angulus
921 3873 983 3936 aps
1003 3855 1114 3919 minor
1131 3870 1235 3936 quam
1256 3851 1397 3935 argutus

328 3964 406 4044 rqt,
427 3966 536 4030 obtusi
552 3967 696 4030 minores
717 3983 818 4047 quam
835 3967 939 4043 acuti,
961 3965 1051 4049 quod
1065 3963 1345 4048 estimpossibilo.
1365 3960 1397 4029 θ

329 4080 441 4140 autem
462 4077 672 4159 posuerimus
689 4077 985 4143 reverberationem
1000 4095 1021 4141 a
1035 4075 1396 4160 circumferentia-quae
