3278 5364
261 538 300 598 tt

260 663 345 724 quae
363 651 411 707 cst
426 645 610 705 extremitas
628 649 733 705 rectae
749 640 869 717 linoae,
884 644 919 704 iu
935 646 954 718 l,
970 651 1003 706 ct
1017 645 1125 707 forma
1137 646 1255 724 puncti
1266 646 1285 707 lc
1296 646 1331 708 in

259 773 301 829 m,
314 762 346 816 et
356 753 464 815 forma
475 771 503 828 z,
517 769 602 832 quae
617 759 667 814 est
682 752 868 814 extremitas
880 770 998 815 curvae
1010 752 1120 817 lineae
1130 753 1167 815 iu
1178 774 1216 830 n,·
1230 755 1333 819 forma

261 869 371 924 autem
393 866 414 925 t
435 862 470 923 in
493 880 517 924 s.
540 861 750 923 Manifestum
773 869 823 924 est
845 879 932 941 ergo,
954 863 1045 943 quod
1067 880 1106 925 ex
1127 863 1280 943 utrisque
1295 866 1333 927 si·

259 971 348 1033 milis
369 977 512 1051 punctus
543 972 560 1032 b
587 969 757 1049 apparebit
779 970 815 1031 in
837 969 910 1032 loco
938 972 976 1046 b,
999 973 1159 1050 quoniam
1180 972 1229 1035 ibi
1250 990 1332 1035 cou-

259 1079 398 1143 veuiunt
423 1079 613 1160 superficies
646 1078 772 1159 speculi
803 1074 836 1142 el
861 1079 1154 1144 visibilis-radius.
1188 1080 1332 1145 Gurvitas

260 1198 371 1255 autem
393 1190 679 1252 circumferentiae
700 1190 766 1270 obp
789 1197 839 1252 est
852 1208 967 1252 versus
983 1192 1090 1253 visum
1107 1209 1140 1266 e,
1158 1197 1192 1253 et
1206 1192 1331 1255 formas

261 1298 427 1362 linearum
445 1299 658 1378 simplicium,
674 1316 760 1378 quae
776 1306 856 1360 sunt
871 1317 910 1362 ex
927 1318 994 1362 una
1009 1298 1109 1375 linea,
1124 1306 1205 1362 sunt
1219 1318 1334 1364 rursus

261 1428 330 1473 uua
357 1408 445 1470 linea
472 1426 511 1475 cx
532 1427 601 1471 una
627 1408 747 1488 specie.
776 1409 874 1471 Visus
897 1426 973 1488 ergo
996 1408 1086 1471 videt
1110 1415 1272 1490 utrasque
1293 1409 1333 1472 li·

261 1536 358 1592 neas,
374 1535 458 1599 quae
474 1523 647 1579 transeunt
662 1535 721 1597 per
735 1525 877 1597 punctos
894 1519 920 1592 t,
934 1520 964 1591 b,
977 1524 1057 1581 met
1071 1526 1213 1598 punctos
1226 1538 1256 1593 s,
1269 1521 1300 1595 t,
1313 1540 1335 1583 o

260 1644 391 1702 curvas,
415 1644 492 1688 cum
513 1626 661 1689 habeant
681 1626 843 1689 maiorem
864 1626 1059 1690 curvitatem
1076 1634 1177 1707 quam
1193 1628 1333 1692 circum·
1393 1674 1397 1681 -

260 1737 399 1799 ferentia
418 1737 493 1814 obp.
521 1735 644 1797 Tamen
661 1735 928 1799 circumferentia
947 1737 1009 1800 aba
1030 1737 1136 1816 magis
1156 1737 1221 1800 erit
1235 1755 1336 1801 curva

262 1863 362 1925 quam
377 1846 466 1919 ttm;
481 1852 514 1907 et
528 1861 605 1906 cum
619 1844 743 1907 fuerint
755 1862 809 1907 res
825 1845 994 1925 oppositae
1009 1845 1105 1921 visui,
1120 1852 1155 1910 et
1166 1848 1334 1927 proportio

259 1953 426 2018 linearum
440 1953 641 2034 proclivium
655 1972 741 2034 quae
756 1960 875 2017 exeunt
889 1972 910 2016 a
924 1954 1097 2031 diametro,
1108 1954 1213 2018 luerit
1227 1956 1336 2019 maior

260 2082 361 2143 quam
379 2062 571 2126 consimiles
594 2064 635 2124 ad
656 2070 791 2138 erectas,
805 2079 883 2125 eum
898 2064 1058 2144 aspicitur
1078 2063 1152 2144 ipsa
1168 2082 1222 2127 res
1235 2072 1335 2136 recte,

259 2171 348 2236 linea
363 2190 447 2251 quae
462 2172 581 2235 transit
592 2190 653 2252 per
663 2179 804 2252 punctos
815 2171 837 2248 l,
847 2173 874 2245 t,
885 2191 918 2234 m
933 2180 966 2236 et
979 2172 1269 2237 estformaliueae
1281 2175 1336 2236 rot

260 2289 388 2355 rectae,
412 2280 473 2342 erit
494 2298 603 2342 curva.
628 2280 785 2342 Similiter
808 2282 908 2343 etiam
922 2281 1023 2357 linea,
1038 2300 1125 2362 quae
1143 2283 1263 2345 transit
1276 2300 1336 2363 per

261 2396 401 2471 punctos
414 2407 453 2463 n,
467 2391 499 2464 t,
514 2407 545 2463 s,
567 2396 600 2452 et
615 2395 665 2450 est
678 2389 785 2452 forma
798 2389 906 2453 lineae
920 2392 989 2454 stit
1002 2407 1132 2466 curvae,
1147 2392 1211 2455 erit
1223 2409 1335 2454 curva.

300 2503 347 2564 De
362 2501 453 2563 linea
468 2507 579 2562 autem
595 2516 680 2579 quae
697 2500 863 2579 aspicitur,
876 2501 906 2562 si
916 2501 1017 2563 luerit
1027 2518 1180 2576 concava,
1192 2501 1336 2581 qualiter

261 2610 420 2691 possibile
442 2610 486 2672 sit
507 2617 545 2670 ut
566 2609 751 2671 secundum
773 2609 990 2689 quantitatem
1016 2607 1237 2688 longitudinis
1261 2628 1335 2691 por·

259 2718 482 2800 pendicularis
498 2719 645 2779 cadentis
662 2715 881 2791 interlineas,
896 2736 981 2797 quae
996 2718 1169 2782 continent
1181 2718 1337 2797 circulos,

257 2829 367 2891 forma
388 2827 460 2889 eius
478 2828 676 2906 quandoque
700 2832 855 2907 appareat
868 2845 971 2890 curva
992 2818 1025 2890 et
1039 2829 1243 2908 quaudoque
1260 2845 1336 2893 cou-

261 2956 340 3000 cava
356 2945 388 3000 et
402 2936 602 3017 quandoque
617 2943 715 3010 recta,
727 2942 834 3016 potest
845 2936 895 2998 sic
906 2937 1221 3001 demonstrari..listo
1233 2937 1336 3001 sectio

261 3045 376 3110 circuli
394 3046 429 3107 iu
448 3063 548 3108 curvo
565 3043 699 3125 speculo
715 3046 781 3122 clip
800 3043 864 3126 (fip.
881 3043 953 3128 34),
969 3047 1067 3108 euius
1082 3053 1234 3109 centrum
1247 3047 1293 3111 sit
1305 3050 1335 3123 d,

260 3165 294 3220 et
307 3157 396 3219 visus
418 3175 448 3228 c,
471 3162 503 3219 et
524 3140 806 3235 perpendicularis
827 3155 908 3229 abd,
931 3161 963 3218 et
978 3154 1184 3219 describatur
1198 3156 1336 3219 circum·

262 3266 402 3329 ferentia
423 3264 539 3328 circuli
562 3264 727 3327 transiens
752 3281 812 3344 per
833 3271 973 3344 punctos
1001 3283 1043 3344 cp
1069 3271 1102 3327 et
1123 3282 1242 3329 secans
1263 3282 1337 3346 per·.

260 3374 507 3455 pendicularem
529 3376 581 3449 be,
604 3391 690 3453 quae
705 3373 748 3435 sit
763 3392 847 3452 ozq,
867 3379 901 3436 et
915 3379 1090 3435 sumantur
1105 3390 1125 3435 a
1139 3372 1333 3438 laterihuss
1370 3440 1377 3451 ,

260 3485 345 3547 duae
367 3483 522 3563 aequales
538 3482 834 3556 circumferentiae,
852 3490 885 3545 et
899 3483 967 3544 sint
979 3484 1034 3558 alr,
1047 3492 1092 3557 st,
1105 3490 1138 3545 et
1152 3483 1335 3564 refringan-

263 3603 316 3656 tur
326 3593 372 3655 ad
386 3596 415 3667 lv,
430 3602 441 3654 t
459 3593 525 3655 duo
541 3592 625 3654 radii
638 3610 658 3653 a
671 3599 793 3671 puncto
808 3592 879 3654 cad
892 3590 1048 3671 aequales
1060 3591 1213 3672 angulos,
1224 3599 1259 3657 st
1269 3593 1335 3655 sint

259 3703 335 3776 cit,
354 3705 414 3776 elt,
438 3708 470 3764 et
491 3701 688 3780 copulentur
708 3703 761 3775 dt,
778 3702 836 3775 dlv,
860 3708 892 3763 et
906 3701 1087 3780 iungantur
1101 3700 1202 3764 lineis
1217 3701 1273 3776 alt,
1286 3705 1333 3775 el,
1372 3747 1374 3751 ,

261 3831 337 3876 cum
359 3811 483 3875 tuerint
503 3810 681 3889 productae
705 3809 746 3872 ad
768 3816 907 3889 punctos
922 3829 968 3885 m,
982 3829 1013 3873 a.
1035 3809 1209 3874 videbitur
1223 3813 1334 3891 ergot

261 3924 295 3983 in
310 3941 343 3983 m
359 3930 390 3984 et
406 3931 416 3982 t
438 3920 473 3982 in
490 3939 528 3996 a,
546 3919 660 3999 puncti
676 3926 835 3995 autema,
850 3941 869 4000 q
887 3920 1088 3982 videbuntur
1102 3919 1138 3983 in
1154 3919 1239 3983 locis
1253 3920 1332 3983 suis.

262 4030 419 4094 Possihile
442 4049 575 4111 quoque
598 4038 647 4093 est
668 4035 807 4110 punctos
822 4049 868 4105 m,
882 4049 904 4091 o
927 4030 1128 4108 quandoque
1151 4047 1224 4093 esse
1248 4028 1333 4093 inter
1407 4037 1409 4042 ·
