3278 5364
1294 539 1358 607 85χ

256 657 386 730 ararim
405 647 516 730 sitque
538 646 629 711 linea
650 646 717 715 etet
737 664 836 728 super
859 644 1033 728 speculum
1053 645 1203 728 planum,
1227 655 1260 711 et
1281 665 1333 712 ra·

264 763 342 826 dius
357 758 501 824 visibilis
522 759 707 823 seeundum
728 756 944 820 directionem
965 756 1075 820 lineae
1093 757 1133 818 ts
1154 759 1195 821 ad
1209 764 1338 839 partem

260 870 383 953 inqut
397 874 448 933 ast
459 883 514 931 nes
526 866 682 942 videnda,
695 872 729 930 et
744 865 980 946 protrahantur
993 866 1077 929 duae
1091 866 1200 930 lineae
1216 884 1267 943 aa,
1279 868 1337 941 dt,
1448 921 1451 926 .

260 980 310 1044 ita
328 986 370 1042 ut
398 979 470 1041 sint
491 976 600 1041 lineae
619 994 673 1052 eo,
693 976 737 1054 tf
756 974 914 1056 aequales
936 974 1036 1039 lineis
1055 975 1101 1051 el,
1120 977 1202 1052 tres,
1223 983 1257 1039 et
1277 995 1337 1057 po-

260 1095 387 1152 nentur
399 1085 509 1151 lineae
520 1103 575 1165 aq,
586 1087 631 1148 tr
645 1084 803 1165 aequales
816 1083 918 1147 lineis
926 1102 987 1160 au,
1000 1087 1048 1148 tre.
1063 1084 1272 1148 Manifestum
1287 1092 1338 1149 est

255 1212 340 1279 ergo
361 1214 401 1262 ex
421 1195 476 1258 his
493 1212 578 1275 quas
596 1195 687 1275 prius
703 1194 928 1274 exposuimus,
942 1195 1034 1274 quod
1048 1194 1156 1257 forma
1170 1194 1280 1259 lineae
1295 1197 1336 1275 ba

258 1314 350 1373 reete
363 1305 531 1370 videbitur
547 1319 648 1384 super
661 1303 786 1366 lineam
801 1305 875 1377 ata,
895 1311 929 1365 et
942 1304 1050 1367 forma
1063 1319 1182 1367 curvae
1198 1303 1338 1367 cirrum-

260 1404 422 1481 iauantiae
443 1417 517 1478 lxm
536 1413 702 1477 videbitur
716 1429 818 1493 super
831 1416 900 1492 [ιω
921 1413 1030 1475 forma
1044 1419 1157 1478 autem
1172 1429 1335 1478 tenuasse

257 1523 550 1591 airaumiarautiae
571 1540 635 1586 ssa
655 1522 825 1603 apparebit
841 1531 1024 1602 superqtr,
1047 1527 1080 1585 et
1100 1522 1193 1586 linea
1205 1526 1266 1587 otd
1287 1530 1338 1599 est

258 1642 368 1711 rasta,
389 1631 552 1714 quonism
572 1631 683 1694 lineae
700 1649 764 1705 aa,
787 1631 838 1705 tt,
856 1632 906 1694 tut
925 1637 1005 1695 sunt
1027 1631 1196 1712 aequates3
1219 1650 1336 1696 onmes

259 1745 354 1810 enim
380 1741 495 1823 anguli
517 1747 599 1805 runt
626 1741 723 1819 reati;
757 1740 849 1804 linea
873 1758 1007 1821 quoque
1030 1758 1116 1822 quaa
1136 1741 1256 1805 transit
1276 1759 1335 1822 per

259 1860 402 1937 punctos
421 1853 480 1930 at!
495 1860 547 1914 est
567 1868 687 1925 curva,
709 1850 801 1915 linea
820 1854 907 1913 vero
920 1866 1006 1929 quae
1029 1849 1148 1913 transit
1168 1869 1226 1932 per
1248 1871 1333 1933 puu-

259 1970 333 2044 atos
352 1972 427 2043 qtr,
446 1967 500 2025 est
520 1976 680 2034 oonmra,
701 1960 863 2040 quoniam
883 1958 1024 2022 risibilis
1049 1960 1178 2035 radius,
1200 1960 1258 2040 qui
1284 1969 1337 2025 est

256 2088 363 2153 super
381 2069 598 2135 dimotionem
625 2067 737 2132 lineae
758 2067 800 2130 ter
832 2068 1028 2150 perveniens
1054 2068 1096 2132 ad
1121 2077 1280 2150 punctum
1303 2079 1335 2146 t,

260 2187 468 2248 eatetenus
498 2195 601 2260 super
626 2196 743 2241 omnes
770 2178 896 2241 formas
926 2177 1116 2256 linearum
1147 2178 1233 2241 radii
1256 2197 1336 2243 vero

258 2291 320 2374 qui
339 2288 522 2371 mooedunt
541 2285 585 2351 ad
605 2287 767 2350 terminos
788 2286 956 2351 linearum
975 2294 1012 2351 et
1030 2287 1206 2352 universes
1226 2294 1336 2369 partes

259 2416 401 2474 aarum,
430 2405 508 2461 sunt
534 2395 683 2478 obliqui,
712 2402 747 2460 et
772 2397 1001 2478 proportiones
1022 2397 1095 2460 eius
1118 2396 1208 2478 quod
1229 2416 1267 2462 ex
1288 2399 1337 2462 eis

258 2509 305 2574 ud
323 2526 345 2574 a
365 2508 440 2572 eta
466 2507 637 2588 pervenit,
663 2507 706 2570 ad
733 2505 820 2568 illud
848 2507 937 2586 quod
958 2507 1106 2586 pervenit
1128 2507 1170 2569 ad
1192 2517 1223 2582 t,
1256 2513 1336 2570 sunt

260 2618 405 2683 maiores
425 2633 529 2698 quarn
549 2614 780 2697 proportiones
801 2615 876 2679 eius
898 2615 988 2695 quod
1004 2632 1045 2678 ex
1058 2615 1109 2678 eis
1124 2615 1244 2696 adum
1265 2635 1337 2697 per·

260 2728 363 2803 veuit
386 2725 431 2790 ud
456 2724 492 2789 id
518 2727 608 2806 quod
629 2726 779 2806 pervenit
798 2710 851 2788 eti¹
864 2733 893 2800 t;
915 2730 947 2789 et
967 2724 1114 2788 minores
1135 2732 1215 2788 sunt
1235 2744 1335 2806 quem

259 2836 490 2919 proportiones
511 2835 608 2909 eius,
634 2835 725 2915 quod
755 2851 796 2898 ex
821 2835 871 2898 eis
898 2835 978 2898 ado
1000 2840 1034 2898 et
1053 2838 1081 2923 s,
1094 2836 1266 2916 pervenit,
1295 2836 1337 2900 ad

258 2943 344 3009 illud
363 2944 454 3025 quod
474 2943 626 3025 pervenit
647 2944 689 3006 ad
710 2953 731 3005 t.
761 2943 1003 3024 Magnitudines
1025 2951 1135 3029 autem
1156 2944 1334 3023 linearum,

260 3055 303 3119 aci
330 3071 436 3135 quas,
464 3069 540 3116 auur
564 3070 584 3115 a
604 3053 680 3116 visu
706 3054 858 3134 producti
887 3054 1011 3117 fuerint
1032 3055 1140 3131 radii,
1166 3056 1334 3136 proportio

258 3162 472 3243 obliquorum
498 3160 543 3223 ad
570 3168 696 3224 erectos
721 3161 831 3224 maior
857 3162 978 3237 fuerit,
1000 3168 1034 3226 et
1058 3163 1142 3225 situs
1168 3162 1335 3227 linearum

257 3271 453 3354 oppositus,
478 3269 679 3334 videbuntur
707 3287 847 3348 curvae;
874 3270 911 3333 in
933 3271 1056 3350 quibus
1078 3279 1190 3334 autem
1211 3272 1333 3334 huius·

260 3380 352 3445 modi
373 3379 542 3462 proportio
563 3380 675 3443 minor
695 3379 806 3454 fuerit,
820 3379 1022 3443 videbuntur
1035 3397 1209 3444 oonoavae.
1232 3382 1334 3445 Linea

259 3507 339 3571 argo
373 3490 438 3552 stet
469 3489 533 3552 erit
559 3505 683 3562 curve,
714 3506 791 3552 oum
818 3489 1012 3567 curvabitur
1041 3495 1074 3554 et
1102 3489 1203 3553 tuerit
1233 3509 1334 3572 super

259 3604 328 3679 ηιμ·
350 3597 414 3662 erit
433 3604 546 3661 autem
561 3614 719 3673 annosve,
733 3615 811 3661 oum
825 3599 1016 3662 curvabitur
1029 3605 1064 3663 at
1078 3601 1222 3663 extiterit
1233 3618 1336 3681 super

259 3719 338 3789 atr,
357 3714 392 3771 et
412 3706 504 3770 liuea
523 3717 582 3786 atq
602 3715 654 3771 est
674 3714 775 3771 reeta.
798 3708 1029 3772 Universeliter
1050 3718 1162 3774 autem
1179 3707 1268 3773 linea
1281 3713 1338 3788 ats

261 3817 310 3882 est
330 3834 454 3894 aurva3
476 3816 568 3880 linea
587 3834 665 3880 vero
685 3826 745 3897 qtr
766 3831 920 3881 concava.

301 3928 397 4013 Quod
416 3927 519 4009 igitur
539 3946 763 4017 unaquaeque
784 3928 981 3993 huiusmodi
1003 3929 1185 4010 figurarum
1213 3946 1331 3992 necas·
1403 3953 1405 3958 ·

260 4038 348 4101 sario
369 4036 469 4102 debet
490 4037 595 4100 videri
617 4054 718 4119 super
733 4056 840 4102 unam
864 4037 1007 4113 lineam,
1032 4033 1247 4101 manifestum
1270 4038 1334 4102 erit
