3278 5364
259 494 299 554 80

258 601 473 682 simplicibus,
497 601 612 680 utique
636 605 667 661 et
689 597 756 660 illis
779 617 864 677 quae
887 598 1041 660 videntur
1062 598 1098 659 iu
1122 599 1240 679 figuris
1263 617 1332 679 spe·

259 711 432 786 culomm,
465 709 587 788 quibus
615 707 700 770 nihil
731 708 823 770 aliud
852 708 1086 771 commiscetur
1114 709 1150 769 in
1180 709 1334 772 omnibus

259 821 356 884 rebus
378 818 541 882 videndis.
565 819 741 898 Postquam
763 818 856 898 prius
877 816 982 879 locuti
1003 818 1166 881 fuerimus
1189 819 1231 881 de
1252 818 1334 883 colo·

258 931 362 1004 ribus,
385 929 533 991 dicemus
557 946 633 1006 ergo
657 928 698 989 de
721 930 768 990 eis
792 944 981 999 sermonem
1003 944 1235 1005 communem,
1251 929 1334 992 vide

259 1040 338 1102 licet
361 1038 451 1119 quod
475 1037 514 1098 iit
535 1037 635 1099 etiam
657 1035 694 1097 in
717 1037 786 1111 his,
809 1053 894 1115 quae
915 1043 1077 1117 apparent
1093 1035 1267 1099 deformis
1284 1056 1336 1102 eo·

257 1167 331 1211 rum
353 1147 517 1227 quaedam
540 1146 725 1220 diversitas,
748 1164 825 1208 cum
847 1145 964 1208 metita
981 1144 1081 1209 fuerit
1094 1162 1172 1207 cum
1189 1164 1230 1209 eo
1246 1147 1336 1226 quod

259 1263 394 1338 apparet
415 1255 550 1333 directe;
574 1254 673 1317 cuius
694 1272 795 1317 causa
817 1250 866 1317 eet
888 1253 1040 1317 debilitas
1062 1270 1149 1333 quae
1163 1255 1287 1318 accidit
1300 1274 1336 1319 ex

260 1364 544 1439 reverberatione,
567 1371 599 1427 et
619 1364 687 1426 iam
711 1363 872 1439 diximus,
895 1363 986 1443 quod
1007 1363 1070 1425 hac
1091 1364 1132 1427 de
1153 1380 1258 1427 causa
1279 1365 1335 1428 de·

260 1474 373 1536 11111111
401 1479 535 1554 aspectu
563 1492 617 1536 res
640 1479 817 1553 apparent,
839 1479 872 1535 et
898 1478 1033 1552 apparet
1054 1472 1156 1551 etiam
1184 1473 1221 1533 in
1247 1470 1336 1536 colo·

260 1584 352 1647 ribus
375 1601 490 1646 earum
506 1582 678 1645 diversitas
702 1599 740 1644 ex
761 1581 928 1645 coloribus
944 1579 1169 1661 speculorum.
1182 1580 1337 1645 visibiles

260 1694 350 1755 enim
372 1692 456 1754 radii
479 1693 633 1755 deferunt
654 1708 768 1753 secum
791 1690 921 1772 aliquid
942 1691 984 1753 ab
1004 1690 1086 1771 ipsis
1101 1688 1276 1755 coloribus
1297 1690 1337 1753 ud

257 1820 310 1865 res
332 1801 519 1880 subiectas;
541 1806 771 1863 verumtamen
797 1799 993 1862 huiusmodi
1013 1799 1236 1879 perscrutatio
1264 1817 1332 1862 non

260 1911 359 1974 debet
381 1909 514 1973 attribui
536 1907 704 1990 speculis;
727 1911 816 1989 quod
839 1909 929 1972 euim
948 1908 1068 1972 accidit
1089 1925 1129 1971 ex
1148 1908 1337 1973 reverbera-

259 2020 370 2094 tione,
402 2026 453 2082 est
481 2036 658 2081 commune
687 2019 768 2097 quid
796 2019 952 2080 omnibus
979 2017 1079 2080 rebus
1100 2016 1335 2095 obstantibur3

258 2129 348 2206 quod
362 2126 482 2189 'autem
503 2126 624 2190 accidit
646 2144 685 2190 ex
706 2126 817 2190 colore
840 2125 985 2206 speculi,
1009 2134 1059 2189 est
1079 2142 1263 2199 commune
1284 2126 1336 2189 bis

261 2245 293 2299 et
318 2236 401 2310 illis,
432 2254 517 2316 quae
539 2237 695 2298 videntur
716 2237 789 2298 sine
811 2236 972 2298 fractione
994 2233 1098 2308 radii,
1119 2235 1283 2315 quoniam
1303 2235 1336 2298 id

261 2346 350 2424 quod
371 2345 412 2406 de
435 2343 601 2406 coloribus
616 2343 755 2419 videtur,
774 2362 905 2424 semper
918 2343 1059 2406 mixtum
1080 2349 1132 2406 est
1150 2344 1336 2407 secundum

262 2454 409 2534 aliquam
432 2453 690 2532 proportionem.
718 2452 878 2515 Similiter
899 2452 1001 2515 etiam
1028 2452 1064 2513 in
1085 2451 1258 2515 coloribus
1279 2453 1336 2533 qui

262 2569 342 2625 sunt
364 2563 400 2623 in
424 2579 514 2636 aere,
532 2569 564 2624 et
584 2562 641 2640 qui
661 2562 746 2623 fiunt
759 2580 806 2641 ex
828 2562 928 2625 rebus
952 2580 1037 2642 quas
1056 2562 1149 2624 risus
1170 2568 1338 2641 penetrat,

259 2672 297 2763 111
318 2689 434 2733 rursus
456 2670 545 2732 visui
567 2669 735 2733 sensibilis
756 2669 907 2733 colorum
928 2670 1108 2751 susceptio.
1137 2670 1268 2734 Similis
1288 2678 1340 2735 est

260 2780 358 2843 etiam
381 2780 515 2842 habitus
538 2796 649 2841 rerum
673 2797 758 2859 quae
780 2779 1110 2859 comprehenduntur
1123 2797 1184 2860 per
1198 2798 1238 2843 ea
1252 2796 1337 2861 quae

261 2889 351 2952 visus
378 2895 538 2968 penetrat.

302 2999 348 3060 De
377 2998 477 3060 rebus
505 2996 606 3076 igitur
633 3014 716 3076 quas
744 2999 971 3061 demonstrare
999 2996 1178 3072 volumus,
1207 2998 1336 3061 consti·

260 3115 392 3170 tuamne
414 3107 712 3170 demonstrationes
730 3125 788 3188 per
802 3107 921 3182 lineas,
937 3125 1005 3169 non
1020 3107 1136 3185 utique
1152 3108 1336 3171 secundum

259 3218 406 3298 specieS,
437 3200 521 3298 q'uae
549 3217 687 3277 suntin
719 3216 875 3280 omnibus
904 3215 1188 3297 propositionibus
1213 3216 1337 3299 prinoi-

259 3327 389 3408 piorum
418 3327 458 3389 de
489 3327 629 3389 scientia
655 3326 888 3407 speculorum,
917 3344 994 3388 oum
1021 3327 1089 3388 siut
1111 3324 1284 3402 diversae,
1306 3332 1338 3391 et

259 3435 430 3514 indigeant
451 3433 589 3515 speciali
603 3434 701 3510 libro,
717 3436 775 3497 sed
791 3436 976 3498 secundum
997 3452 1094 3514 posse
1112 3440 1280 3510 nostrum,
1300 3442 1337 3499 111

259 3550 394 3624 puteant
422 3545 547 3607 formae
575 3545 725 3607 onmium
747 3563 859 3608 rerum
882 3562 966 3626 quae
987 3544 1145 3607 videntur
1165 3548 1225 3608 aut
1245 3551 1335 3609 recte

261 3662 317 3716 aut
343 3653 444 3715 aliter.
478 3653 611 3733 Oportet
638 3660 749 3716 autem
777 3655 811 3715 in
839 3655 1001 3717 memoria
1026 3654 1170 3717 retinere
1197 3653 1233 3715 in
1256 3654 1336 3716 uni-

260 3763 364 3826 versis
387 3780 471 3842 quae
491 3762 798 3838 demonstravimus,
813 3764 848 3826 id
866 3764 955 3842 quod
969 3779 1060 3826 nuno
1074 3762 1194 3825 dicturi
1210 3780 1335 3837 sumus,

261 3891 304 3934 ne
326 3872 533 3951 indigeamus
555 3869 615 3933 illa
633 3890 730 3953 saepe
746 3872 915 3947 reiterare,
929 3870 1086 3934 videlicet
1099 3888 1176 3936 cum
1192 3871 1336 3935 dicimus

260 3980 384 4056 visum,
402 3980 656 4062 intelligendum
679 3989 728 4045 est
750 3989 848 4063 caput
870 3980 1051 4063 pyramidis
1072 3980 1244 4045 radiorum
1266 3980 1337 4061 qui·
