3278 5364
312 533 353 596 96

311 642 521 722 posuerimus
544 642 606 716 nt
627 659 647 703 a
667 640 788 703 dextris
810 642 918 714 visus,
941 645 1039 703 erunt
1053 641 1180 704 termae
1195 658 1315 705 eorum
1330 642 1386 722 qui

311 759 390 815 sunt
409 751 443 827 t,
457 769 504 826 m,
527 769 547 813 a
567 750 686 814 dextris
709 749 849 824 nostris,
868 751 964 813 etsie
979 750 1182 813 iudicabitur
1196 751 1238 814 de
1253 750 1387 814 sinistra

179 921 185 929 ,
310 867 411 941 parte.
427 861 550 924 Tamen
564 877 632 922 non
646 856 813 922 videbitur
826 859 891 921 hoc
905 859 1069 935 eomodo,
1081 860 1387 940 quovideuturres,

311 987 454 1049 quarum
472 968 573 1032 iacies
591 974 670 1031 sunt
684 968 855 1048 oppositae
869 969 1005 1043 nostris,
1017 952 1080 1031 sed*
1089 969 1302 1049 putabuntur
1315 986 1387 1033 esse

310 1079 462 1142 sinistrae
474 1096 560 1158 quae
574 1078 643 1140 sint
652 1078 794 1151 dextrae,
803 1085 939 1158 propter
948 1077 1226 1141 consuetudinem
1237 1084 1389 1158 quaeest

312 1189 347 1250 in
364 1189 462 1251 rebus
477 1205 653 1267 quaerere
668 1193 746 1249 suut
758 1187 928 1267 oppositae
938 1186 1047 1263 faciei,
1057 1188 1145 1250 sieut
1154 1187 1223 1251 iem
1236 1186 1391 1249 diximus,

353 1300 392 1358 Et
408 1303 541 1377 oportet
561 1312 600 1359 ex
620 1295 673 1358 bis
696 1312 780 1374 quae
803 1294 967 1370 diximus,
988 1302 1028 1358 ut
1049 1296 1086 1357 in
1107 1296 1216 1359 curvis
1242 1294 1389 1377 speculis

312 1406 380 1468 sint
400 1405 605 1468 diversitates
635 1404 673 1466 in
701 1421 842 1467 numero
869 1411 902 1467 et
923 1404 1088 1485 positione
1115 1411 1150 1468 et
1170 1404 1390 1469 translatione

311 1531 412 1594 prope
434 1531 484 1588 ea,
507 1530 593 1592 quae
614 1512 740 1575 fuerint
760 1513 796 1574 in
818 1514 919 1576 rebus
938 1530 1024 1593 quae
1039 1520 1128 1577 resta
1143 1513 1309 1577 videntur.
1328 1513 1388 1577 De·

311 1628 531 1685 monstratum
545 1629 595 1686 est
609 1622 710 1697 enim,
726 1622 816 1701 quod
829 1621 879 1684 ibi
892 1622 1000 1686 forma
1014 1623 1116 1685 unlus
1129 1621 1182 1687 rei
1193 1640 1265 1687 una
1278 1628 1341 1698 est,
1354 1626 1389 1687 et

308 1733 416 1794 forma
431 1749 542 1796 rerum
556 1731 772 1794 videndarum
786 1749 887 1812 supra
900 1737 1000 1812 eaput
1013 1737 1094 1795 sunt
1105 1729 1188 1808 illio,
1202 1738 1237 1795 et
1248 1731 1388 1811 quondo

311 1859 365 1904 res
381 1858 457 1904 vere
478 1840 726 1904 transferuntur
740 1841 782 1903 ad
796 1839 943 1920 aliquam
964 1847 1106 1920 partem,
1126 1840 1256 1905 surmus
1270 1856 1388 1905 eurum

314 1949 558 2014 transferuntur
579 1967 657 2012 oum
678 1948 744 2012 illis
766 1950 808 2012 ad
831 1950 972 2013 eandem
993 1955 1131 2030 partem.
1152 1950 1200 2013 De
1221 1948 1391 2015 diversits·

283 2041 292 2061 ⁵
314 2059 403 2121 tibus
425 2065 539 2122 autam
561 2076 647 2138 quae
665 2058 752 2121 flunt
765 2060 802 2120 in
817 2058 1059 2137 quantitatibus
1072 2058 1345 2140 magnitudinum
1357 2066 1391 2123 et

312 2167 563 2241 distantiarum,
595 2175 627 2230 et
654 2168 690 2230 in
720 2165 933 2246 qualitatibus
954 2167 1155 2248 figurarum,
1182 2167 1291 2233 maior
1311 2184 1390 2249 pars

312 2294 381 2338 non
402 2275 504 2338 habet
525 2274 618 2337 illam
640 2266 882 2351 habitudinem,
905 2294 991 2357 quae
1013 2284 1064 2340 est
1076 2277 1112 2339 in
1128 2276 1183 2339 his
1199 2294 1287 2357 quoe
1300 2284 1392 2343 recte

311 2385 474 2459 videntur,
485 2391 619 2464 propter
631 2401 750 2446 causas
764 2401 850 2464 quae
861 2386 1066 2449 conveniunt
1078 2384 1291 2465 generalibus
1300 2384 1393 2467 priu-

269 2578 271 2583 .
311 2492 406 2574 eipiis
427 2492 614 2572 praedietis.
644 2493 836 2555 Invenimus
858 2494 950 2556 enim
970 2495 1095 2558 formas
1115 2494 1388 2575 magnitudinum

310 2601 502 2682 aequalium
516 2602 553 2663 in
567 2601 723 2664 distantia
735 2610 767 2664 et
777 2602 844 2665 situ
858 2604 989 2665 erebus
1004 2602 1090 2666 veris
1106 2603 1268 2680 minores,
1280 2619 1390 2684 quum

315 2710 430 2789 anguli
457 2709 516 2789 qui
543 2727 599 2774 eas
625 2711 811 2785 continent,
840 2712 987 2774 minores
1015 2694 1113 2786 sunt,
1140 2717 1175 2775 et
1199 2712 1393 2777 invenimus

311 2820 436 2881 formas
458 2835 528 2880 non
549 2836 680 2898 semper
701 2819 874 2882 observare
896 2818 1144 2883 ordinationem
1165 2838 1281 2884 rerum
1301 2838 1389 2902 quse

311 2944 408 2991 verae
419 2933 510 3003 sunt;
523 2926 691 3007 proportio
703 2927 794 2990 enim
804 2928 974 2991 radiorum
986 2928 1200 3009 obliquorum
1210 2930 1391 3011 ndruetum

315 3036 448 3099 radium
470 3054 536 3098 non
555 3019 594 3096 fit
611 3037 798 3100 necessario
821 3037 1007 3100 seeundum
1024 3036 1257 3101 habitudinem
1273 3054 1393 3101 eorum

314 3145 349 3207 in
368 3146 479 3220 rebus,
494 3163 579 3224 quae
594 3152 681 3208 reete
696 3145 859 3208 videntur.
877 3145 913 3207 si
927 3147 1026 3209 etiam
1041 3147 1204 3225 quaedam
1217 3145 1391 3211 deformis

315 3272 428 3318 rerum
451 3260 563 3318 essent
583 3254 619 3315 in
642 3253 747 3333 figura
763 3253 891 3317 similes
906 3253 1032 3334 figurae
1045 3255 1096 3319 rei
1109 3273 1196 3336 quse
1207 3255 1344 3321 videtur
1355 3254 1391 3319 in

315 3370 402 3437 toto,
424 3370 458 3427 et
478 3382 545 3427 non
569 3369 682 3426 essent
708 3363 835 3427 similes
860 3364 1046 3427 seeundum
1070 3364 1182 3429 maius
1208 3363 1392 3440 otuinus,

311 3479 349 3534 ut
369 3472 496 3535 formae
517 3491 632 3536 rerum
654 3489 847 3549 curvarum,
869 3490 954 3553 quae
976 3491 1109 3555 semper
1119 3473 1281 3537 videntur
1294 3472 1391 3537 dissi·

311 3579 409 3643 miles
432 3598 452 3642 a
471 3581 586 3662 rebus3
607 3581 764 3645 similiter
780 3581 882 3645 etiam
895 3589 929 3645 et
943 3598 1115 3646 oonouvae.
1137 3581 1392 3647 bisuntinens-

312 3696 380 3752 tem
397 3689 552 3751 videntur
573 3691 742 3765 minores;
765 3673 877 3753 radius
900 3691 990 3754 enim
1012 3690 1072 3770 qui
1091 3691 1243 3772 pervenit
1264 3692 1307 3755 ad
1328 3684 1391 3756 lor·

312 3816 421 3875 mam,
443 3798 555 3861 minor
576 3806 627 3862 est
648 3817 749 3878 quam
770 3799 830 3865 ille
853 3801 912 3879 qui
933 3801 1083 3881 pervenit
1104 3800 1147 3863 ud
1167 3818 1282 3865 veram
1303 3818 1390 3876 mm,

316 3915 347 3969 et
369 3886 459 3971 inde*¹
470 3906 673 3971 iudicabitur
688 3907 727 3972 de
749 3926 798 3983 se,
821 3926 905 3987 quae
921 3916 1008 3972 recte
1022 3909 1164 3987 videtum
1181 3909 1300 3974 exinde
1315 3927 1391 3992 quo·

314 4033 378 4094 que
411 4017 613 4081 iudicabitur
634 4019 674 4081 de
698 4018 937 4097 quantitatibus
959 4026 992 4082 et
1012 4017 1127 4099 figuris
1149 4026 1183 4084 et
1203 4018 1388 4095 distantiis,

312 4131 485 4204 postquam
508 4128 620 4191 omnia
642 4127 771 4209 reliqua
791 4134 972 4209 coaequata
993 4127 1127 4192 luerint.
