3278 5364
350 529 408 593 tut

344 639 454 704 bitrati
470 638 628 703 fuerimus
641 643 801 721 punctum
816 638 833 700 b
849 655 919 703 esse
936 656 1033 721 super
1047 637 1231 703 sectionem
1246 637 1365 704 circuli
1378 637 1413 703 in

345 768 486 815 concavo
501 749 645 832 speculo,
659 757 691 813 et
705 749 914 830 superficiem
928 751 990 813 tls
1002 748 1150 813 volutem
1165 767 1237 813 esse
1250 751 1340 815 circa
1351 750 1415 813 dic

344 869 486 926 metrum
507 862 564 937 db,
586 861 626 924 ab
645 860 808 924 omnibus·
821 861 934 942 utique
951 861 1097 943 partibus
1112 860 1229 925 circuli
1243 860 1411 925 constituti

344 991 402 1055 per
423 973 760 1054 circumscriptionem
781 971 896 1052 puncti
918 972 928 1032 t
950 972 1144 1053 refringatur
1163 971 1276 1036 radius
1298 972 1343 1037 sd
1361 990 1412 1036 ce·

344 1083 455 1165 quales
478 1082 614 1166 angulos
635 1084 721 1146 inter
742 1089 880 1164 punctos
901 1084 961 1157 st,
983 1088 1016 1146 et
1037 1089 1134 1146 erunt
1154 1083 1279 1163 figurae
1300 1099 1411 1148 rerum

341 1194 554 1258 videndarum
575 1195 611 1257 in
633 1179 823 1257 huiusmodi
844 1193 918 1257 loco
940 1211 1038 1275 super
1054 1192 1179 1274 speculi
1192 1191 1408 1275 superficiem

343 1304 442 1378 Linea
473 1305 563 1368 enim
597 1322 682 1385 queo
711 1302 857 1387 procedit
885 1320 905 1367 a
935 1321 971 1367 re
999 1303 1141 1368 videnda
1161 1308 1194 1368 et
1216 1303 1336 1367 transit
1354 1322 1411 1385 per

342 1417 451 1479 visum
486 1420 520 1479 et
554 1414 702 1498 pervenit
738 1416 779 1478 ad
817 1413 1013 1496 speculum,
1048 1421 1098 1479 est
1131 1412 1410 1497 perpendiculsris

341 1545 440 1610 super
461 1526 650 1610 speculum
677 1533 710 1620 et
734 1526 809 1592 ideo
832 1524 1020 1591 coniunctio
1040 1524 1223 1603 linearum,
1246 1526 1408 1608 adquam

341 1638 379 1703 flt
405 1639 533 1717 forms,
568 1656 697 1722 semper
728 1644 778 1704 est
808 1656 906 1721 super
925 1639 1035 1721 ipsum
1056 1639 1184 1715 visum,
1210 1637 1279 1703 sive
1300 1637 1408 1703 existi·

341 1751 540 1816 moverimus
569 1750 677 1815 risum
706 1768 777 1816 esse
804 1768 905 1834 penes
926 1755 1086 1833 punctum
1106 1768 1146 1827 s,
1167 1750 1236 1815 sive
1257 1766 1361 1833 penes
1380 1732 1420 1814 le.¹

343 1863 423 1926 Cum
438 1869 551 1927 cutem
569 1862 712 1927 difficilis
735 1863 778 1926 sit
798 1869 947 1944 aspectus
962 1860 1108 1926 adhunc
1127 1861 1253 1938 locum,
1274 1860 1410 1926 vertitur

340 1973 539 2039 sensibilitas
561 1975 603 2038 cd
623 1973 848 2056 superficiem,
874 1973 914 2036 de
937 1980 1003 2054 qne
1023 1971 1410 2049 ceremonensem

342 2086 502 2165 attingens
522 2083 694 2167 speculum
711 2084 848 2168 suscipit
860 2083 1002 2149 formam
1016 2102 1036 2148 a
1050 2082 1123 2149 leco
1139 2101 1212 2160 suc,
1224 2082 1285 2147 ubi
1301 2082 1410 2149 tuerat

341 2194 557 2260 mutuationis
579 2197 688 2261 modo.

384 2305 541 2371 Similiter
558 2307 658 2370 etiem
676 2314 710 2372 et
725 2306 835 2371 locum
849 2307 885 2370 in
899 2304 966 2389 uuo
982 2312 1131 2389 apparet,
1147 2313 1182 2371 et
1193 2306 1269 2373 ideo
1283 2305 1409 2393 colores

340 2416 530 2481 huiusmodi
550 2417 731 2499 figurarum
751 2434 828 2482 cum
841 2417 966 2482 inerint
981 2416 1017 2481 in
1031 2435 1151 2498 magne
1166 2417 1337 2495 distantis,
1353 2424 1410 2483 eut

267 2523 272 2535 '
340 2546 408 2591 non
425 2528 597 2593 habebunt
613 2530 700 2594 inter
714 2547 750 2595 se
765 2536 799 2594 et
811 2528 936 2595 colores
952 2529 1162 2612 speculorum
1176 2528 1408 2604 diversitatem.

341 2646 397 2704 aut
416 2641 530 2721 exigue
546 2641 584 2703 flt
599 2641 686 2705 inter
703 2659 759 2707 eos
775 2641 952 2706 diversitas.
973 2641 1055 2705 dum
1076 2640 1168 2704 enim
1188 2640 1408 2707 consideratio

341 2769 456 2814 eorum
477 2771 546 2816 non
567 2753 606 2816 flt
625 2754 660 2816 in
682 2753 812 2836 proprio
834 2751 925 2829 loco,
946 2758 981 2816 et
1000 2751 1088 2815 visus
1110 2751 1227 2815 debilis
1248 2751 1293 2814 sit
1312 2750 1406 2815 lnve·

340 2862 454 2925 niendi
471 2861 583 2926 locum
600 2863 689 2941 eius,
705 2865 841 2927 vertitur
858 2863 900 2926 ad
916 2862 1027 2926 lecum
1044 2861 1315 2945 propinquiorem
1329 2878 1406 2945 spe·

340 2973 433 3048 culo,
456 2974 512 3055 qui
535 2980 584 3037 est
605 2973 661 3038 ille
686 2972 795 3049 locus,
817 2991 883 3056 quo
906 2979 1047 3057 apparet.

383 3084 480 3148 Decet
497 3090 608 3148 autem
626 3102 689 3148 nos
702 3091 775 3167 post
789 3084 870 3149 hoec
891 3084 1097 3149 considerare
1119 3081 1207 3159 loce,
1227 3080 1264 3147 in
1285 3083 1406 3165 quibus

339 3213 378 3259 ee
396 3213 480 3276 quae
498 3196 667 3273 videntur,
682 3195 769 3260 flunt
783 3214 822 3259 ex
835 3196 938 3259 tribus
951 3194 1269 3261 reverberationibus
1280 3194 1325 3259 ab
1339 3212 1408 3259 uno

240 3376 243 3383 ,
338 3307 495 3382 sectione,
518 3325 593 3371 cum
614 3308 704 3371 visus
726 3307 825 3371 fuerit
845 3326 944 3390 super
964 3314 1102 3390 punctos
1119 3306 1310 3389 praedictos.
1333 3306 1407 3369 llsto

338 3416 479 3481 circulus
500 3421 565 3500 cde
589 3419 653 3499 (fiq.
670 3417 740 3496 44),
762 3420 857 3483 cuiue
879 3425 1030 3484 centrum
1043 3418 1090 3499 pit
1105 3420 1141 3495 d,
1158 3424 1193 3481 et
1204 3417 1405 3499 producatur

336 3546 416 3609 aeq,
438 3536 470 3592 et
489 3529 697 3611 protrahatur
714 3527 991 3613 perpendicularis
1004 3531 1083 3606 deb,
1098 3535 1132 3593 et
1145 3535 1289 3611 ponatur
1302 3527 1403 3593 sectio
1468 3522 1493 3536 ”

338 3639 402 3721 cip
418 3640 454 3704 in
471 3639 606 3722 speculo
622 3659 774 3719 concavo,
789 3648 823 3708 et
835 3642 903 3706 sint
917 3660 1016 3725 super
1029 3641 1152 3706 lineam
1163 3659 1226 3721 περ
1242 3639 1308 3705 duo
1322 3658 1405 3723 pun·
1424 3646 1429 3657 '

336 3752 394 3828 cti,
417 3769 559 3833 quorum
581 3751 662 3817 alter
683 3754 726 3816 sit
745 3773 763 3817 z
785 3759 817 3817 et
838 3753 920 3818 alter
939 3755 973 3832 t,
995 3754 1043 3817 ita
1063 3753 1154 3835 quod
1175 3750 1328 3830 circulus,
1346 3751 1403 3834 qui

336 3863 532 3928 describitur
552 3882 653 3948 super
673 3882 729 3928 eos
751 3871 785 3929 et
800 3883 898 3947 super
914 3873 1075 3949 punctum
1091 3866 1127 3942 d,
1145 3863 1187 3928 sit
1204 3869 1242 3928 ut
1259 3862 1401 3929 circulm

338 3975 415 4052 cdl,
447 3992 562 4040 secans
588 3993 856 4059 unamquamque
885 3977 926 4040 de
959 3975 1231 4040 circumferentiis
1262 3974 1325 4052 eb,
1348 3974 1402 4057 bo,

336 4092 369 4149 et
383 4088 612 4168 protrahantur
629 4087 737 4153 lineae
751 4089 827 4166 dcl,
845 4088 942 4167 dim,
959 4095 991 4152 et
1004 4093 1147 4171 ponetur
1159 4087 1252 4170 prius
1266 4102 1307 4153 re
1320 4084 1402 4153 deut
