3278 5364
1314 514 1333 576 5
1352 527 1354 532 .

301 617 336 676 Iu
359 618 443 678 tertia
464 635 598 706 semaam
620 620 815 682 aorltiueutur
831 638 886 695 eu,
909 637 985 698 puae
1005 630 1148 701 apparent
1166 639 1221 701 per
1240 638 1335 683 rever·

259 725 436 787 iterationem
457 729 490 787 ia
511 727 636 806 speculis
656 729 757 807 plauis
778 738 807 790 et
828 731 950 802 aureis,
969 737 1145 808 praetaaata
1172 733 1259 809 prius
1286 749 1335 794 ea·

258 836 422 912 perimeuto
443 852 497 914 per
515 838 652 914 plancam
674 854 800 911 aeream,
822 854 882 916 pua
900 839 1048 920 probatur
1068 840 1147 916 quad
1168 856 1268 902 omues
1289 857 1337 901 re-

259 945 475 1007 verberatioaes
496 946 531 1007 ia
554 947 648 1040 tribus
669 949 817 1027 speciebus
838 949 1029 1029 spatularum
1042 997 1049 1023 ,
1062 950 1161 1031 plauo
1182 950 1336 1023 videlieet,

260 1070 351 1114 aurea
368 1064 395 1116 et
416 1071 561 1128 aauaaua,
582 1056 659 1132 luat
679 1059 719 1118 acl
744 1059 881 1136 aequales
909 1059 1052 1136 aepulas,
1079 1068 1107 1122 et
1133 1056 1335 1141 eaperimeula

259 1165 375 1226 tabulae
398 1165 514 1238 liurtae,
534 1182 590 1244 per
611 1184 703 1244 quam
724 1169 868 1245 probatur
887 1186 952 1230 uua
972 1187 1018 1232 res
1039 1170 1137 1232 uideri
1158 1172 1193 1233 ia
1211 1171 1334 1233 diuersis

259 1274 344 1346 mais,
365 1282 394 1335 at
414 1275 490 1336 auae
509 1275 545 1336 iu
565 1292 644 1350 uuo,
667 1284 695 1337 et
713 1294 769 1356 per
791 1296 883 1355 quam
905 1281 994 1342 etiam
1011 1281 1078 1360 ipsa
1097 1280 1161 1342 laea
1179 1278 1334 1359 patefiunt.

298 1383 335 1446 Ia
352 1393 458 1461 quarta
480 1402 613 1448 sermone
634 1373 827 1448 sautiaeutur
855 1405 909 1461 aa,
937 1405 1013 1466 puae
1038 1398 1186 1470 appareat
1211 1392 1246 1452 iu
1272 1407 1336 1470 spe·

261 1496 336 1557 aulis
357 1499 508 1570 aoueauis,
531 1505 558 1557 el
579 1515 612 1560 ea
633 1515 710 1576 puae
730 1504 877 1579 appareat
898 1500 932 1561 iu
953 1501 1079 1578 sperulis
1106 1503 1290 1581 compositis,
1309 1509 1339 1565 et

261 1625 337 1686 puae
357 1609 498 1671 mmutm
517 1627 574 1690 per
595 1611 655 1671 aaa
676 1618 732 1672 aut
749 1611 843 1688 plura
863 1609 989 1690 sperula.

301 1719 336 1782 ia
357 1721 463 1798 quinta
484 1720 638 1794 sermome,
667 1721 806 1798 quamuis
827 1722 865 1782 sit
886 1722 1085 1801 imperitatus,
1108 1722 1243 1800 loquitur
1264 1721 1337 1784 rto·

260 1831 391 1892 laruaeus
408 1831 443 1891 ae
463 1821 592 1906 fleaioue
612 1829 779 1893 visibilium
799 1831 980 1905 radiorum,
1004 1847 1081 1909 puae
1102 1848 1216 1913 semper
1236 1830 1272 1911 fit
1300 1833 1339 1894 ad

260 1943 385 2020 appulus
404 1940 596 2019 inaequales,
618 1950 646 2002 et
667 1941 702 2002 ae
723 1941 791 2014 llis,
813 1957 889 2019 quae
909 1940 977 2002 iude
997 1950 1166 2022 appareat,
1187 1958 1257 2004 aum
1278 1942 1338 2004 aluo

260 2069 382 2131 corpora
402 2051 560 2114 dissimilia
581 2053 711 2112 eaistaut
731 2051 811 2112 iuter
832 2050 1021 2129 aspiaieatem
1048 2060 1077 2112 at
1103 2061 1150 2115 re's
1175 2051 1339 2124 vaculus,

259 2179 390 2239 quarum
411 2161 540 2224 alterum
561 2161 601 2221 sit
620 2155 750 2238 pressius
771 2160 884 2234 allero;
906 2169 933 2223 et
955 2160 1034 2239 puori
1054 2155 1174 2222 villelm
1194 2161 1230 2224 lle
1250 2160 1341 2225 sulti·
1363 2205 1365 2209 -

260 2273 331 2335 lieri
352 2288 473 2352 aarpore
492 2271 528 2334 ia
547 2271 601 2332 illa
622 2271 702 2349 quael
722 2278 763 2332 est
782 2271 936 2348 pressius,
958 2288 1073 2351 semper
1093 2278 1218 2352 apparet
1237 2271 1338 2333 maius
1426 2251 1434 2272 ⁸

261 2400 352 2461 paam
373 2383 446 2463 ipsa·
460 2399 528 2457 res,
549 2380 632 2443 uelut
653 2381 687 2442 id
707 2381 788 2460 quael
814 2381 934 2442 uidetur
960 2379 996 2441 ab
1027 2396 1094 2442 aere
1121 2382 1155 2444 iu
1183 2397 1283 2459 apua,
1312 2363 1341 2444 at

261 2501 374 2570 quauta
394 2491 492 2570 mapis
511 2490 634 2573 spissius
661 2506 770 2570 eorpus
797 2492 890 2567 fuerit
912 2490 1115 2572 pratuuaias,
1143 2506 1189 2551 res
1216 2498 1341 2571 apparet

260 2603 368 2692 maiar.
382 2601 472 2663 -Illaal
491 2618 560 2664 aem
582 2601 662 2679 quael
682 2602 863 2678 aprossiori
883 2602 1001 2662 videtur
1025 2603 1060 2663 ia
1087 2598 1259 2674 subtiliari,
1287 2617 1341 2681 ap·
1454 2685 1457 2688 ⁴
1508 2671 1511 2678 Ι

257 2711 344 2792 paret
356 2713 470 2785 miuus,
484 2719 511 2772 et
524 2719 637 2790 quauta
652 2711 748 2788 mapis
764 2711 904 2774 subtilius
920 2727 1028 2790 eorpus
1041 2712 1132 2788 suerit
1148 2709 1341 2790 profundius,

261 2831 384 2902 apparet
394 2823 507 2884 miuus.
524 2822 603 2894 Quae
614 2822 716 2883 amaia
728 2820 835 2901 probat
846 2838 903 2901 per
916 2816 1036 2884 diuersa
1045 2823 1258 2901 experimenta,
1269 2835 1343 2898 quo·

260 2950 333 2994 rum
353 2933 480 2996 alterum
502 2939 545 2994 est
564 2948 630 3005 aas,
652 2931 732 3010 quael
750 2939 873 2994 uaeatur
887 2929 995 3004 iustis,
1009 2930 1140 2993 alterum
1154 2945 1222 2992 uere
1234 2930 1344 3010 plassea
1389 2965 1392 2970 -

261 3059 369 3114 aerea,
390 3042 669 3120 et-semiepliaarus
689 3039 802 3103 vitreus
823 3041 859 3103 iu
881 3042 945 3121 ipsa
964 3041 1075 3122 plauaa
1102 3037 1206 3117 fieus,
1234 3047 1262 3100 et
1287 3056 1345 3121 per

259 3152 370 3214 aulum
392 3161 420 3215 et
441 3152 636 3230 optimarum,
659 3158 687 3211 et
707 3132 763 3228 per.
782 3150 893 3213 aulum
915 3166 1080 3219 aauaauum
1101 3165 1139 3211 ea
1161 3149 1242 3212 vilra
1263 3164 1343 3211 aom-

258 3264 364 3341 posita.
386 3261 421 3323 lu
439 3261 600 3341 praedietis
614 3269 723 3322 autem
743 3259 850 3333 rebus,
873 3275 949 3338 puae
972 3276 1028 3340 per
1055 3258 1212 3334 fluuiorum
1240 3257 1343 3320 amem

261 3381 331 3444 tur,
353 3373 489 3451 quamuis
514 3370 706 3432 Ptolomaeus
726 3386 788 3430 aaa
810 3369 962 3450 reprimat
984 3371 1016 3430 iu
1044 3368 1091 3429 llis
1115 3383 1192 3446 puae
1219 3366 1341 3429 iuumta

261 3490 335 3544 suut
354 3483 390 3545 sle
409 3483 514 3560 quinta
534 3497 685 3554 sumam,
706 3479 936 3557 iulellipeudum
956 3487 1013 3551 est,
1035 3478 1116 3556 quael
1136 3469 1345 3540 aetuat'mete

262 3592 376 3672 asptet,
397 3599 425 3653 et
444 3609 507 3652 aaa
528 3607 565 3653 eu
584 3590 713 3668 obliqua.
735 3591 786 3651 lies
806 3592 909 3663 mim,
932 3605 1008 3666 quae
1036 3595 1095 3651 lala
1121 3588 1204 3664 iutra
1231 3602 1343 3664 apuam

260 3710 343 3764 staus
364 3719 401 3765 ea
423 3700 539 3779 alliquo
559 3701 596 3769 ab
617 3717 684 3764 aere
704 3699 870 3780 aspiritur,
892 3714 961 3762 uaa'
974 3698 1081 3776 atique
1101 3698 1217 3770 maiar,
1236 3712 1343 3785 aerum

262 3813 351 3873 etiam
373 3809 491 3875 breuior
511 3817 654 3890 apparet·
1190 3790 1202 3806 ⁵
1333 3818 1336 3826 ’
