3278 5364
1277 511 1336 579 153

260 622 300 687 ad
322 623 585 705 septentrionem
608 641 708 705 quarn
731 620 820 687 linea
842 621 1065 704 aequidistans
1088 623 1334 707 aequinoctiali,

260 751 343 813 quae
373 736 489 798 mansit
521 754 580 817 per
604 744 764 815 punctum
787 744 798 796 t
822 736 892 815 (qui
915 734 1020 797 estin
1043 741 1134 814 parte
1158 740 1271 797 nostra
1294 734 1336 797 do

261 844 393 909 climate
426 845 573 908 habitato
602 845 775 910 declinans
798 845 840 908 ad
861 843 1152 927 septentrionalem
1173 850 1339 926 partem),

261 961 294 1017 et
315 973 392 1019 cum
414 956 511 1021 stella
523 956 622 1019 fuerit
636 954 764 1019 elevata
777 956 819 1018 ad
834 957 943 1018 locum
959 956 993 1030 t,
1008 956 1157 1036 pervenit
1171 956 1213 1019 ad
1226 955 1338 1021 locum

259 1066 529 1152 ubireiringitur
550 1067 661 1129 radius
680 1067 752 1143 sine
775 1065 925 1129 sensibili
949 1066 1134 1129 diversitate
1151 1065 1237 1129 facta
1251 1066 1338 1131 inter

261 1176 361 1254 situm
389 1184 600 1257 apparentem
631 1184 663 1239 et
689 1176 789 1238 situm
821 1193 947 1238 verum.
970 1176 1054 1238 Item
1077 1176 1105 1237 si
1127 1176 1338 1257 posuerimus

260 1292 419 1366 punctum
441 1307 460 1348 z
482 1286 596 1367 polum
612 1285 919 1366 septentrionalem,
942 1292 974 1348 et
996 1280 1266 1366 descripserimus
1281 1285 1339 1349 ali·

259 1414 356 1476 quem
369 1398 409 1459 de
421 1396 496 1458 aliis
507 1395 640 1459 circulis
652 1396 949 1476 aequidistantibus
962 1396 1197 1476 aequinoctiali
1209 1414 1339 1477 semper

260 1506 501 1587 apparentibus,
523 1513 561 1569 ut
582 1506 744 1571 circulum
759 1511 837 1586 oss,
856 1524 932 1569 cum
947 1506 1046 1569 fuerit
1058 1506 1175 1587 utique
1189 1505 1286 1575 stella
1301 1507 1336 1570 in

261 1624 416 1695 punctos
440 1617 538 1679 huius
566 1617 701 1689 circuli,
728 1612 897 1698 apparebit
922 1617 1138 1698 propinquior
1159 1623 1337 1698 punctos,

258 1725 316 1806 qui
333 1734 383 1790 est
399 1745 498 1809 super
511 1726 619 1807 capita
632 1727 666 1788 in
684 1727 901 1807 proclivitate,
918 1734 950 1790 et
971 1727 1134 1790 videbitur
1149 1745 1220 1791 esse
1240 1729 1336 1807 quasi

258 1837 292 1899 in
308 1845 478 1918 punctae,
499 1846 531 1900 et
552 1856 628 1900 cum
647 1837 743 1901 stella
758 1838 857 1900 fuerit
877 1839 913 1901 in
936 1843 1056 1917 puncto
1072 1857 1110 1912 o,
1129 1856 1196 1925 non
1216 1837 1336 1901 accidit

259 1946 336 2010 inde
359 1946 540 2025 diversitas,
551 1949 586 2010 in
602 1948 678 2023 situ,
697 1948 763 2009 nisi
778 1946 993 2029 insensibilis,
1012 1954 1046 2010 et
1060 1948 1136 2010 ideo
1151 1965 1226 2009 curn
1241 1946 1337 2011 stella

260 2057 418 2133 fueritin
449 2058 615 2122 volutione
638 2077 699 2121 sua
719 2077 821 2139 prope
843 2058 1071 2132 horizontem,
1099 2057 1269 2139 apparebit
1290 2057 1336 2121 di·

258 2168 378 2231 stantia
399 2186 460 2233 sua
481 2187 501 2231 a
522 2167 771 2248 septentrionali
794 2167 870 2250 polo
894 2167 1051 2248 sphaerae
1069 2169 1191 2242 minor,
1207 2165 1331 2237 etcum
1439 2168 1441 2173 ’

259 2278 358 2341 inerit
378 2278 414 2339 in
436 2279 602 2341 volutione
624 2296 684 2341 sua
705 2296 805 2359 prope
828 2286 986 2358 punctum
1008 2277 1065 2358 qui
1089 2285 1139 2339 est
1160 2295 1259 2357 super
1277 2294 1334 2341 os-

261 2386 342 2468 pita,
364 2389 534 2469 apparebit
560 2388 677 2449 maior.
707 2387 815 2451 Sestio
844 2389 934 2450 enim
959 2407 1007 2450 ao
1029 2389 1090 2451 erit
1111 2388 1218 2451 maior
1236 2405 1335 2467 quarn

258 2497 360 2562 sectio
371 2516 421 2561 oz.
435 2499 663 2561 Demonstrata
674 2502 724 2561 est
734 2517 810 2577 ergo
826 2516 937 2572 causa,
952 2506 1194 2579 propterquam
1206 2503 1336 2578 oportet
1389 2488 1399 2501 ⁷

259 2608 295 2670 id
320 2609 410 2689 quod
436 2609 471 2670 in
500 2608 604 2671 stellis
628 2615 776 2689 apparet,
804 2626 961 2688 apparere
983 2614 1117 2689 propter
1138 2607 1334 2671 fractionem

260 2717 410 2798 visibilis
423 2719 520 2781 radii.

302 2828 461 2892 Possibile
483 2846 614 2910 quoque
638 2835 725 2893 esset
743 2829 839 2891 nobis
856 2829 1019 2908 inspicere
1038 2829 1079 2892 de
1096 2827 1335 2908 quantitatibus

259 2941 397 3001 istarum
418 2926 631 3012 fractionum,
655 2946 687 3001 et
708 2941 918 3003 considerare
939 2936 1022 3001 illud
1044 2940 1079 3000 in
1098 2938 1209 3018 aliqua
1231 2939 1272 3000 de
1289 2955 1338 3001 re-

226 3056 231 3063 “
259 3051 336 3124 bus,
360 3067 501 3129 quarum
524 3049 681 3113 distantia
704 3050 780 3112 data
801 3057 865 3124 est,
886 3055 1000 3129 utpote
1023 3047 1104 3111 solis
1127 3056 1158 3111 et
1179 3047 1290 3121 lunae,
1305 3055 1337 3110 et

259 3160 469 3223 considerare
498 3160 743 3239 magnitudines
771 3177 856 3239 quas
887 3159 1070 3222 succedunt
1095 3159 1280 3234 horizonti,
1304 3165 1336 3223 et

258 3269 479 3333 sublimitates
502 3287 586 3350 quae
608 3269 695 3331 fiunt
717 3287 756 3333 ex
777 3268 934 3332 fractione
950 3268 1091 3331 visibilis
1112 3269 1208 3342 radii,
1230 3268 1258 3330 si
1281 3267 1336 3337 di-

259 3380 380 3443 stantia
401 3380 600 3460 superficiei,
623 3399 707 3460 quae
731 3386 780 3442 est
802 3381 888 3442 inter
909 3385 1049 3459 utraque
1072 3378 1239 3458 praedicta
1258 3393 1332 3443 cor·

258 3509 358 3570 pora,
381 3498 469 3555 esset
490 3491 632 3570 cognita.
666 3491 730 3553 Sed
752 3506 829 3552 cum
851 3489 933 3554 haec
955 3489 1234 3568 distantiaque
1257 3505 1335 3570 pro·

258 3602 415 3682 pinquior
438 3607 487 3667 est
508 3607 614 3664 terrae
635 3598 746 3663 lunari
768 3600 926 3681 sphaera,
953 3600 1117 3680 adquam
1140 3599 1337 3666 terminatur

259 3712 387 3788 aether,
409 3712 578 3792 ignoratur
599 3711 630 3775 si
651 3719 701 3776 est
722 3711 809 3774 sicut
831 3710 985 3773 distantia
1005 3710 1074 3774 iam
1096 3710 1205 3775 dictae
1225 3725 1338 3791 super

257 3820 364 3896 flciei,
387 3829 442 3885 aut
464 3831 513 3886 est
535 3823 751 3904 propinquior
778 3829 908 3900 terrae,
938 3827 997 3885 aut
1023 3820 1183 3889 remotior
1201 3837 1230 3885 a
1257 3836 1336 3889 oon·

259 3932 354 3995 tiuuo
384 3933 416 3994 ei
444 3935 595 4014 corpori,
625 3932 833 4014 impossihile
862 3908 914 3996 es⁸t
940 3932 1019 3995 indo
1049 3913 1335 4003 ratiocinationem

260 4041 348 4117 iteri,
372 4060 437 4124 qua
459 4044 669 4124 dignoscatur
691 4043 859 4124 quantitas
881 4040 1011 4123 anguli,
1033 4058 1118 4122 quas
1136 4040 1223 4107 flatu
1239 4037 1336 4115 norti-
1454 4098 1455 4101 ,

259 4155 395 4216 natione
417 4154 610 4218 huiusmodi
632 4154 839 4219 fractionum.
