3248 5392
1254 560 1309 625 tlt

250 668 329 733 bent
356 667 608 732 similitudinem
637 671 814 750 quamdam
837 677 869 734 et
891 670 1130 750 quantitatem,
1154 691 1239 754 quae
1261 691 1313 736 se-

252 780 366 860 quitur
395 780 625 842 habitudinem
658 781 1001 861 perpendicularium,
1035 781 1158 845 dictum
1192 793 1241 847 est
1274 783 1310 847 in

251 891 531 971 praecedentibus.

293 1002 577 1082 dugmentationes
592 1009 701 1065 autem
717 1001 914 1082 angulorum
929 1003 1152 1084 particulares,
1167 1021 1312 1084 quorum

251 1113 305 1175 hic
327 1120 376 1176 est
397 1113 497 1186 ordo,
519 1114 676 1176 debemus
698 1131 789 1176 nunc
811 1113 1030 1194 distinguere,
1055 1114 1197 1178 dicentes
1220 1115 1311 1197 prius

252 1240 435 1287 sermonem
458 1225 496 1286 de
518 1224 615 1286 rebus
638 1224 889 1298 communibus,
911 1225 945 1286 in
969 1225 1089 1302 quibus
1110 1226 1312 1302 conveniunt

252 1333 443 1397 huiusmodi
464 1334 637 1410 flexiones,
660 1341 692 1398 et
714 1353 765 1396 res
788 1352 872 1414 quae
895 1343 1050 1414 apparent
1072 1335 1107 1397 in
1128 1337 1312 1400 reverbera-

254 1445 417 1519 tionibus,
439 1444 590 1508 videlicet
611 1447 698 1527 quod
720 1445 878 1527 quicquid
899 1445 1019 1508 iterum
1040 1446 1076 1509 in
1098 1445 1210 1527 aliquo
1232 1447 1311 1510 isto·

251 1573 325 1618 rum
346 1555 489 1630 videtur,
510 1556 638 1619 videtur
656 1557 838 1619 secundum
854 1557 1066 1620 directionem
1080 1557 1183 1633 radii,
1197 1557 1256 1638 qui
1270 1558 1312 1620 ad

251 1666 334 1729 illud
356 1666 498 1729 flectitur
520 1685 539 1728 a
559 1667 651 1742 visu,
667 1667 701 1731 id
716 1676 763 1731 est
777 1669 960 1731 secundum
974 1645 1205 1732 rectitudinem
1218 1669 1312 1743 radii,

252 1778 308 1857 qui
330 1778 475 1858 procedit
496 1796 515 1839 a
537 1778 610 1839 risu
634 1777 675 1839 ad
697 1778 908 1859 superficiem
931 1779 969 1842 de
993 1797 1059 1858 qua
1081 1780 1116 1841 iit
1137 1779 1262 1855 fractio,
1279 1787 1312 1843 et

251 1889 432 1952 secuudum
454 1889 687 1952 rectitudinem
709 1889 989 1970 perpendicularis
1012 1891 1157 1954 cadentis
1179 1909 1250 1954 are
1267 1892 1313 1952 vi·
1421 1890 1431 1903 ‘

252 1998 356 2062 denda
377 1999 411 2060 in
435 1990 662 2079 superficiem,
684 2001 723 2062 de
747 2018 812 2079 qua
834 2001 870 2063 fit
891 2001 1014 2063 fractio.
1037 2003 1135 2063 Debet
1157 2019 1232 2080 ergo
1254 2003 1312 2065 ite·

252 2126 328 2170 rum
354 2107 492 2182 exinde,
522 2110 608 2171 sicut
630 2129 668 2172 ex
690 2110 979 2190 praecedentibus,
1009 2110 1199 2190 superficies
1228 2128 1312 2190 quae

252 2219 365 2281 transit
393 2238 451 2299 per
471 2220 601 2282 radium
624 2220 782 2294 fractum,
813 2239 883 2283 esse
906 2221 1027 2284 directa
1049 2239 1151 2300 super
1169 2223 1311 2302 superfi-

251 2330 352 2403 ciem,
374 2330 413 2392 de
436 2346 502 2409 qua
523 2331 561 2391 iit
580 2331 705 2393 fractio.
1056 2392 1059 2397 .

212 2512 222 2531 Ι,
292 2440 385 2514 Quod
414 2440 550 2525 quidem
572 2460 610 2505 ex
626 2438 683 2512 his
707 2443 856 2522 sequitur
883 2442 965 2505 illud
987 2443 1074 2522 quod
1097 2442 1237 2523 pertinet
1259 2463 1313 2507 na-

254 2556 343 2613 turae
366 2568 525 2613 sensuum
549 2550 580 2614 ei
602 2550 700 2614 habet
721 2553 958 2631 quantitatem,
984 2553 1160 2616 retulimus
1181 2554 1216 2615 in
1239 2553 1311 2617 loco

252 2679 317 2741 quo
340 2663 588 2743 praeposuimus
611 2664 786 2743 principia,
811 2665 932 2744 quibus
954 2666 1081 2728 utimur
1102 2665 1137 2727 in
1159 2665 1310 2746 speculis

293 2773 384 2847 Quod
407 2780 517 2836 autem
540 2780 588 2837 est
609 2791 767 2854 apparens
790 2781 823 2836 et
843 2775 1073 2851 manifestum,
1096 2775 1250 2858 possibile
1264 2784 1313 2840 est

251 2884 344 2946 uobis
366 2884 547 2963 intelligere
570 2903 628 2966 per
649 2904 683 2948 se
705 2904 742 2947 ex
764 2904 902 2949 nummo
926 2887 983 2966 qui
1005 2888 1097 2949 sitin
1116 2906 1203 2961 vase,
1222 2889 1313 2968 quod

250 3003 386 3058 vocatur
412 2997 554 3075 teptistir.
588 2997 684 3059 Visus
713 2997 802 3059 enim
831 3015 908 3060 cum
930 2998 1055 3061 steterit
1076 2999 1159 3062 fixus
1182 2999 1216 3060 iu
1240 2998 1311 3061 loco

252 3124 317 3186 quo
339 3105 450 3169 radius
473 3107 529 3187 qui
552 3107 667 3169 transit
688 3126 746 3188 per
764 3107 948 3188 marginem
965 3109 1314 3211 vasis,effio'u1rsub·

250 3217 362 3284 limior
382 3236 535 3292 nummo,
558 3225 590 3280 et
611 3225 765 3281 manente
788 3218 849 3281 isto
872 3219 907 3280 in
930 3225 1017 3281 statu
1036 3238 1108 3294 suo,
1125 3220 1312 3283 effundatur

252 3346 337 3408 aqua
357 3327 391 3388 in
414 3345 489 3391 vase
512 3329 689 3402 moderate,
711 3346 884 3409 quousque
906 3329 1019 3392 radius
1042 3329 1100 3408 qui
1123 3330 1239 3392 transit
1256 3348 1313 3411 per

252 3438 437 3518 marginem
458 3439 554 3513 vasis,
574 3439 740 3519 frangatur
758 3440 798 3501 ad
815 3440 980 3514 interiora,
997 3446 1029 3503 et
1044 3441 1198 3504 ceciderit
1213 3459 1313 3523 super

142 3554 147 3563 '
251 3567 442 3627 nummum3
465 3550 581 3613 accidit
601 3550 694 3624 inde,
717 3569 784 3623 res,
809 3569 893 3632 quae
915 3551 1009 3630 prius
1024 3569 1090 3613 non
1106 3552 1310 3627 videbantur,

251 3660 353 3722 videri
379 3668 458 3722 tunc
486 3679 583 3741 super
610 3659 733 3724 lineam
763 3669 884 3725 rectam
912 3668 1110 3742 protractam
1134 3681 1153 3725 a
1174 3662 1248 3726 visu
1269 3663 1311 3727 ad

251 3770 359 3833 locum
381 3770 611 3833 sublimiorem
633 3791 710 3834 vero
726 3771 807 3848 loco,
823 3781 854 3835 et
869 3773 1105 3836 existimabitur
1119 3773 1230 3835 radius
1245 3791 1311 3834 non

252 3899 320 3943 esse
342 3881 500 3944 refractus
523 3883 562 3943 ad
586 3901 656 3954 eas,
679 3883 734 3943 sed
758 3884 846 3961 quod
866 3884 953 3961 ipsae
969 3889 1081 3945 natent
1098 3890 1129 3945 et
1144 3883 1312 3945 eleventur

249 3991 289 4053 ad
311 3991 460 4066 radium,
482 4001 514 4053 et
535 3992 595 4053 hac
617 3994 657 4055 de
680 4011 779 4055 causa
800 3995 1004 4072 apparebunt
1025 3994 1207 4056 secuudum
1230 4013 1306 4073 per-

251 4101 494 4180 pendicularem
523 4103 691 4165 cadentem
718 4108 816 4182 super
837 4122 943 4184 aquae
967 4105 1191 4184 superficiem,
1219 4106 1311 4168 iuxta

253 4211 414 4294 principia
436 4231 521 4295 quae
543 4213 635 4296 prius
657 4214 898 4297 explicavimus,
