3278 5364
1214 541 1273 607 159

193 650 304 719 dicere
327 668 415 713 nunc
437 650 704 714 coniunctionem
722 652 815 733 fracti
835 652 917 714 radii
934 652 1040 714 avisu
1055 652 1273 733 procedentis,

196 758 525 842 etperpendicularis
541 760 689 823 cadentis
704 779 724 824 a
740 779 776 824 re
791 761 932 824 videnda
947 761 982 822 in
998 762 1217 842 superficiem,
1233 762 1274 825 de

196 889 262 950 qua
284 871 322 932 tit
344 870 450 945 flexio,
467 887 551 949 quac
567 877 617 932 est
630 868 722 934 locus
739 871 889 952 proprius
904 871 1085 951 unicuique
1100 889 1212 935 rerum
1227 871 1274 935 vi·

197 981 394 1052 dandarum,
416 989 449 1043 et
470 998 633 1061 exponere
655 980 906 1062 dispositionem
921 982 957 1044 in
972 999 1170 1062 unaquaque
1193 982 1274 1062 ligo*

197 1109 307 1154 rarum
329 1090 502 1170 planarum
525 1089 770 1164 subiectarum,
800 1098 833 1153 et
861 1091 1007 1173 incipere
1029 1110 1049 1155 a
1070 1092 1168 1156 rebus
1190 1110 1275 1172 quae
1392 1092 1395 1097 '

196 1207 372 1266 sumuntur
393 1219 413 1262 a
433 1200 506 1263 visu
526 1201 707 1263 secundum
726 1201 978 1282 praecedentem
995 1202 1105 1275 situm,
1120 1209 1159 1266 ut
1172 1203 1278 1265 mani·

197 1312 334 1375 iestetur
357 1311 389 1375 id
412 1311 502 1390 quod
523 1309 677 1374 volumus
699 1312 936 1375 demonstrare.

240 1422 385 1483 Ponatur
412 1421 523 1500 itaque
551 1421 642 1501 prius
665 1421 832 1484 distinctio
854 1422 1043 1485 communis
1065 1419 1273 1503 superficiei,

198 1549 281 1610 quae
305 1530 477 1611 distinguit
500 1531 565 1594 duo
588 1549 739 1613 corpora,
762 1540 794 1595 et
815 1532 1001 1612 superficiei
1024 1532 1060 1595 in
1076 1550 1143 1612 que
1160 1539 1209 1597 est
1222 1551 1273 1594 ra-

200 1641 273 1704 dius
296 1641 418 1704 fractus
441 1638 531 1704 linea
551 1642 619 1721 obp
643 1647 651 1718 l
662 1641 714 1720 fip.
736 1641 821 1715 87t,
843 1642 950 1722 sitque
973 1641 1062 1705 visus
1085 1644 1128 1714 d,
1149 1648 1181 1707 et
1204 1659 1275 1723 per·

198 1750 423 1831 pandiculeris
453 1751 573 1814 cadens
602 1770 621 1814 a
648 1751 723 1814 visu
751 1751 795 1817 sit
815 1753 904 1825 doe,
933 1759 966 1815 et
986 1752 1099 1823 radius
1121 1750 1276 1832 proclivis

197 1863 265 1934 dt,
293 1868 326 1925 et
352 1860 562 1942 protrahatur
591 1879 610 1924 a
638 1867 759 1941 puncto
782 1863 799 1923 d
827 1861 1112 1942 perpendicularis
1134 1863 1221 1934 sih,
1244 1869 1278 1925 et

200 1973 371 2052 frangatur
384 1973 426 2035 db
449 1971 516 2035 sive
533 1971 575 2034 ad
587 1980 714 2052 partem
732 1970 1023 2052 perpendicularis,
1041 1979 1078 2034 ut
1091 1972 1130 2035 flt
1145 1973 1278 2053 quando

200 2082 290 2144 visus
319 2081 418 2145 fuerit
446 2080 572 2161 positus
601 2099 621 2143 a
649 2086 739 2163 parte
765 2080 948 2144 subtilioris
974 2080 1141 2161 corporis,
1170 2081 1277 2162 sitque

200 2192 294 2255 dexio
317 2192 389 2254 eius
411 2209 509 2272 super
527 2192 579 2264 bt‚·
602 2191 669 2254 sive
687 2192 728 2254 ad
742 2191 906 2255 diversam
924 2190 1187 2272 perpendiculari
1205 2209 1277 2272 par·

202 2309 284 2376 tem,
306 2307 344 2363 ut
365 2318 443 2364 cum·
464 2301 686 2381 aspexerimus
702 2319 721 2363 s
736 2318 871 2381 corpore
889 2296 1058 2380 grossiori,
1074 2307 1105 2363 et
1123 2301 1167 2363 sit
1180 2299 1276 2364 flexio

202 2411 275 2474 eius
303 2428 402 2492 super
430 2412 482 2472 tt.
515 2411 582 2473 lirit
609 2429 685 2490 ergo
712 2410 852 2491 angulus
877 2413 949 2473 ddz
978 2417 1109 2499 propter
1130 2429 1171 2473 ea
1193 2428 1277 2491 quac

201 2520 474 2602 praeposuimus,
502 2521 609 2583 maior
637 2539 736 2601 quam
760 2520 899 2600 angulus
920 2522 1003 2596 tte,
1033 2528 1066 2583 et
1087 2519 1197 2585 minor
1218 2539 1278 2583 en-

202 2630 279 2712 gnlo
302 2631 395 2705 ibt,
421 2638 454 2693 et
475 2631 687 2694 manifestum
710 2637 759 2694 est
782 2631 869 2711 quod
893 2650 960 2693 non
984 2631 1186 2694 conveniunt
1207 2646 1280 2710 per·

202 2739 424 2822 pendicularis
445 2742 512 2803 doe
535 2746 567 2802 et
589 2743 639 2814 bt,
661 2758 722 2803 nec
744 2740 1027 2822 perpendicularis
1041 2743 1107 2805 doe
1122 2747 1156 2803 et
1171 2741 1214 2802 lei
1237 2740 1279 2803 ad

202 2857 311 2932 partes
338 2857 536 2932 punctorum
559 2860 608 2925 et,
638 2849 797 2931 quoniam
820 2850 932 2930 anguli
954 2852 1031 2928 dae,
1052 2853 1117 2914 obt
1143 2849 1279 2913 insimul

204 2961 346 3027 maiores
368 2967 445 3023 sunt
466 2980 567 3041 quam
590 2962 654 3024 duo
676 2961 772 3039 recti;
795 2960 901 3024 multe
924 2961 1030 3041 magis
1048 2978 1125 3040 ergo
1140 2978 1208 3023 non
1224 2960 1279 3023 de·

204 3073 285 3135 bent
306 3071 483 3135 convenire
505 3070 613 3134 lineae
635 3071 691 3144 tt,
713 3072 771 3133 de.

245 3184 281 3244 ltt
304 3199 383 3259 gum
409 3181 600 3262 superficies
630 3199 713 3262 quae
736 3180 910 3261 distinguit
933 3181 999 3244 due
1022 3198 1160 3261 corpore
1180 3180 1280 3244 fuerit

205 3291 398 3373 sphaerica,
425 3298 565 3373 ponetur
586 3290 677 3371 prius
701 3291 843 3354 curvitas
866 3292 938 3353 eius
961 3290 1226 3371 apostasium,
1250 3299 1282 3353 et

205 3403 248 3464 sit
265 3400 431 3465 distinctio
448 3402 637 3465 communis
653 3401 730 3463 huic
746 3401 932 3481 superficiei
948 3407 981 3465 et
994 3400 1181 3481 superficiei
1195 3417 1281 3481 guae

206 3511 325 3575 transit
345 3531 404 3591 per
424 3511 553 3574 radium
577 3512 716 3575 fractum
738 3511 840 3574 sectio
862 3512 929 3590 obp
961 3511 1031 3592 (fio.
1053 3509 1113 3584 88)
1145 3511 1186 3574 de
1215 3508 1282 3573 cir-

206 3622 302 3693 culo,
331 3622 426 3685 cuius
454 3629 603 3685 centrum
633 3622 712 3685 site
741 3627 773 3684 et
801 3621 891 3684 visus
913 3622 952 3695 d,
980 3628 1014 3685 et
1035 3620 1283 3702 protrahatura

206 3739 358 3813 punctos
380 3731 659 3813 perpendicularis
682 3732 845 3795 transiens
868 3731 1063 3812 pervisum,
1086 3736 1118 3793 et
1139 3730 1185 3792 sit
1202 3732 1283 3805 ead,

206 3849 237 3905 et
259 3842 324 3904 alia
345 3841 626 3923 perpendicularis
651 3844 691 3904 ed
713 3841 839 3915 locum,
862 3860 965 3922 aquo
979 3839 1141 3920 frangitur
1158 3840 1281 3913 radius,

208 3952 315 4035 sitque
342 3955 429 4024 ebt,
459 3957 490 4015 et
508 3951 671 4035 ,iungatur
693 3952 841 4033 utrisque
864 3951 955 4014 linea
975 3953 1041 4025 dt,
1065 3959 1097 4014 et
1117 3951 1284 4033 frangatur

191 4063 248 4129 -ad
278 4071 402 4146 partem
430 4062 562 4146 quidem
593 4061 874 4146 perpendicularis
900 4069 938 4127 ut
968 4063 1022 4136 tt,
1051 4061 1092 4126 ad
1121 4060 1283 4126 diversam
