3278 5364
1284 549 1320 612 et

260 659 295 723 in
308 657 446 722 seientia
457 656 676 739 speculorum,
689 657 863 739 praecipue
875 664 953 720 sunt
965 657 1041 735 tria3
1057 664 1090 722 et
1104 664 1182 721 sunt
1196 658 1323 739 primae

259 771 417 834 scientiae
445 767 621 850 possibiles
648 785 706 849 per
727 786 762 832 se
785 767 953 848 cognosci,
982 784 1124 848 quorum
1145 787 1251 832 unum
1273 776 1323 833 est

260 898 328 961 quo
344 878 555 960 dignoscitur,
570 878 726 959 quadres
744 895 828 958 quae
843 878 996 941 videntur
1009 878 1045 940 in
1061 877 1214 960 speculis,
1229 895 1325 960 appa·

258 996 334 1054 rent
354 987 537 1052 seeundum
552 987 766 1051 directionem
779 987 918 1051 visibilis
933 987 1037 1062 radii,
1051 989 1109 1067 qui
1123 988 1211 1052 cadit
1224 1006 1325 1070 super

259 1117 317 1164 eas
337 1116 396 1180 per
416 1098 715 1177 reverberationem
735 1114 845 1174 suam,
869 1116 954 1178 quae
975 1097 1014 1160 tit
1034 1099 1219 1162 secundum
1235 1100 1323 1179 posi·

260 1208 386 1273 tionem
407 1207 553 1290 pupillae
568 1223 588 1270 a
602 1206 747 1288 speculo.
770 1208 960 1272 Secundum
973 1225 1051 1273 vcro
1066 1215 1194 1289 estque
1209 1208 1325 1288 digno·

261 1318 375 1392 scitur,
396 1317 485 1398 quod
506 1317 637 1397 singula
657 1334 741 1398 quiae
762 1317 800 1380 in
821 1317 965 1400 speculis
987 1319 1151 1395 molentun,
1165 1326 1323 1400 apparent

258 1410 362 1510 super
370 1426 681 1519 perpendicularem,
694 1444 779 1507 quae
793 1429 881 1492 cadit
894 1447 914 1491 a
928 1446 964 1493 re
977 1430 1119 1493 videnda
1132 1434 1233 1511 super'
1247 1447 1321 1510 spe·

259 1538 328 1602 nuli
344 1537 553 1619 superficiem
575 1543 609 1602 et
628 1527 960 1617 penetrat-Tertium
982 1545 1092 1603 autem
1119 1556 1185 1620 quo
1208 1557 1325 1620 cogno·

258 1642 375 1715 coitur,
402 1642 591 1722 qnod·talis
616 1650 666 1706 est
690 1643 809 1724 positio
838 1644 934 1707 iraoti
960 1643 1061 1721 radii,
1083 1645 1141 1724 qui
1163 1650 1214 1708 est
1237 1643 1324 1707 inter

188 1810 192 1815 ,
256 1751 418 1835 pupillam
429 1758 461 1817 et
473 1752 664 1834 speculum,
678 1760 711 1818 et
723 1755 811 1817 inter
821 1753 995 1835 speculum
1006 1761 1040 1818 et
1052 1770 1125 1817 rem
1136 1754 1323 1833 videndam,

258 1862 350 1943 quod
370 1863 601 1944 unusquisque
617 1864 759 1927 istorum
771 1865 918 1928 'duorum
937 1864 1086 1946 pervenit
1103 1865 1144 1927 ad
1161 1869 1323 1944 punctum

259 1972 301 2036 de
322 1989 388 2052 quo
409 1972 447 2035 iit
466 1971 593 2047 fractio,
613 1980 645 2037 et
665 1974 837 2038 continent
853 1991 930 2037 cum
946 1973 1222 2056 perpendiculari,
1235 1991 1322 2055 qnae

261 2080 403 2165 abipso
430 2090 552 2165 puncto
580 2084 726 2164 procedit
754 2083 793 2147 de
819 2082 974 2165 speculo,
997 2083 1152 2166 aequales
1166 2083 1322 2165 angulos.

259 2192 400 2257 Vocatur
411 2199 522 2257 autem
536 2191 817 2274 perpendicularis
827 2193 863 2256 in
874 2194 1047 2275 superficie
1061 2193 1225 2275 sphaerae
1235 2202 1322 2260 com·

261 2303 357 2370 muni
377 2303 513 2367 nomine
534 2302 635 2378 linea,
656 2320 741 2383 quae
763 2303 995 2367 circumfertur
1015 2321 1091 2367 oum
1114 2304 1268 2369 omnihus
1285 2305 1324 2368 li·

260 2413 355 2488 neis,
381 2428 467 2492 quae
494 2420 631 2493 tangunt
658 2413 832 2494 sphaeram
860 2421 1061 2485 exeuntes'a
1086 2421 1209 2496 puncto
1231 2433 1322 2480 eom·

258 2524 375 2600 muni,
397 2524 455 2604 qui
477 2530 527 2587 est
547 2524 582 2586 in
605 2524 780 2605 superficie
800 2523 958 2604 sphaerae
979 2525 1021 2587 ad
1041 2531 1149 2589 rectos
1171 2525 1321 2606 angulos.

248 2635 350 2712 ,Unde
370 2652 504 2699 necesse
526 2640 591 2709 est,
608 2640 646 2698 ut
663 2652 778 2698 omnes
795 2633 1085 2716 perpendiculares
1098 2637 1252 2700 cadentes
1265 2655 1322 2700 su·

258 2762 317 2828 per
329 2745 544 2826 sphaerarum
561 2745 781 2825 superficiem,
794 2763 872 2810 cum
885 2746 1140 2826 penetraverint,
1154 2754 1324 2813 transeant

257 2872 317 2937 per
338 2862 487 2919 centrum
508 2854 677 2936 sphaerae.

300 2964 472 3030 Manifesta
492 2971 602 3030 autem
624 2972 796 3041 erentes,
822 2982 906 3046 quae
929 2966 969 3030 de
991 2966 1163 3049 principiis
1184 2986 1322 3051 praepo-

258 3075 340 3151 sitis,
359 3092 419 3156 per
440 3092 482 3139 ea
500 3092 586 3156 quae
598 3083 769 3158 apparent,
786 3077 871 3139 sicut
885 3095 1096 3157 exponemus.
1111 3079 1150 3141 ln
1166 3079 1321 3142 omnihus

259 3184 349 3250 enini
364 3184 506 3267 speculis
521 3187 719 3263 invenimus,
735 3188 862 3268 quodsi
874 3189 911 3249 in
922 3188 1096 3267 superficie
1109 3189 1321 3253 uniuscuius-

261 3312 326 3378 que
339 3312 455 3360 eorum
470 3295 708 3376 signaverimus
722 3303 861 3378 punctos
875 3297 910 3359 in
925 3296 1018 3374 locis,
1031 3298 1150 3377 quihus
1165 3306 1322 3379 apparent

255 3423 311 3470 res
326 3406 499 3481 videndae,
515 3413 547 3471 et
562 3407 740 3470 texerimus
758 3424 826 3482 eos,
838 3424 906 3469 non
924 3408 1040 3487 utique
1058 3408 1226 3488 apparebit
1240 3410 1321 3472 tunc

259 3516 368 3579 forma
382 3517 432 3580 rei
445 3516 616 3580 videndae.
628 3517 744 3580 Postea
757 3535 834 3581 vero
848 3535 926 3581 cum
939 3535 1045 3580 rrnum
1058 3523 1133 3598 post
1146 3517 1251 3582 alium
1265 3520 1320 3584 de·

258 3627 459 3702 texerimus,
487 3632 520 3691 et
544 3627 766 3707 aspexerimus
793 3629 835 3691 ad
855 3626 928 3691 lona
949 3628 1097 3704 demota,
1118 3630 1323 3711 apparebunt

259 3739 371 3818 puncti
384 3737 503 3818 signati
515 3744 547 3800 et
558 3738 666 3801 iorma
678 3739 727 3802 rei
742 3739 899 3802 videndae
911 3739 947 3801 in
959 3736 1059 3802 simul
1073 3740 1259 3804 secundum
1272 3739 1320 3802 di·

258 3845 434 3910 rectionem
452 3847 607 3928 principii
624 3848 762 3911 visibilis
780 3849 873 3911 radii.
892 3851 929 3911 lit
947 3848 975 3911 si
994 3850 1193 3914 erexerimus
1210 3851 1246 3912 in
1262 3867 1317 3913 su·

258 3956 453 4037 perticichus
476 3957 687 4040 speculorum
709 3959 877 4023 adrectos
900 3961 1035 4040 angulos
1057 3958 1253 4038 aliquasres
1271 3959 1319 4022 di·

259 4073 362 4132 rectas
377 4068 511 4148 longas,
529 4075 560 4133 et
578 4069 730 4133 distantia
743 4069 843 4132 fuerit
857 4069 1034 4146 moderata,-
1048 4070 1172 4134 formae
1186 4068 1318 4134 illarum
