3278 5364
261 509 301 570 68

256 619 350 693 cidit,
374 617 465 680 valde
487 618 524 680 dt
546 634 685 696 magnus
707 617 743 678 in
766 619 892 680 actibus
919 619 977 697 qui
999 626 1079 681 sunt
1101 636 1207 699 penes
1229 637 1336 685 rever·

258 728 476 792 berationem.
499 728 656 806 Sequitur
676 735 788 790 autem
803 724 882 803 hoo,
897 734 934 790 ut
948 730 1058 790 omnis
1072 728 1262 804 incubitus,
1276 731 1334 809 qni

257 837 295 899 fit
313 838 351 900 ab
367 838 522 901 omnibus
536 838 636 900 rebus
653 854 737 917 quae
752 844 939 912 moventur,
953 837 991 899 fit
1005 838 1157 914 debilior,
1170 855 1252 902 cum
1264 856 1333 901 non

257 947 356 1009 tuerit
369 947 554 1010 secundum
571 947 741 1026 proprium
755 945 956 1026 principium
970 944 1059 1021 eius,
1076 945 1135 1008 sed
1151 945 1218 1010 alic
1233 944 1343 1012 modo'

259 1055 427 1133 acciderit,
449 1054 509 1118 illo
530 1054 701 1128 videlicet,
723 1056 780 1134 qui
804 1054 910 1134 primo
932 1053 1104 1134 prohibuit
1125 1055 1335 1119 coniunctio-

258 1182 335 1228 nem
357 1164 429 1228 eius
443 1181 521 1226 cum
536 1163 634 1226 rebus
649 1163 817 1226 subiectis.
832 1164 1044 1245 Apparebunt
1060 1164 1161 1227 etiam
1176 1164 1262 1228 haec
1276 1164 1333 1227 in·

257 1273 445 1337 visibilibus
462 1273 578 1346 radiis,
594 1290 672 1336 cum
690 1274 814 1355 positio
829 1272 1041 1353 speculorum
1056 1280 1090 1337 et
1102 1291 1231 1348 rerum,
1247 1292 1333 1355 quac

257 1401 358 1464 penes
381 1400 420 1446 aa
441 1383 616 1458 videntur,
638 1384 685 1445 ita
711 1383 980 1458 constituantur,
1000 1390 1038 1445 ut
1058 1400 1134 1463 pars
1162 1383 1337 1447 radiorum

258 1493 353 1554 cadat
374 1508 475 1572 super
492 1509 546 1555 res
569 1509 653 1571 quae
676 1500 836 1572 apparent
855 1492 928 1555 sine
942 1491 1225 1570 reverberation03
1248 1493 1332 1556 radii

260 1607 370 1663 autem
394 1600 452 1680 qui
474 1618 494 1663 a
514 1600 661 1681 speculis
683 1606 775 1676 sunt,
797 1600 864 1662 sint
877 1600 1025 1676 refracti,
1046 1607 1080 1664 et
1099 1608 1285 1682 utrumque
1298 1601 1333 1665 in

259 1708 361 1772 simul
382 1710 441 1772 dat
462 1710 498 1771 in
521 1711 637 1773 eodem
660 1717 818 1791 tempore.
837 1711 930 1773 Tunc
944 1710 1036 1773 enim
1050 1727 1128 1774 cum
1142 1716 1212 1774 tota
1228 1712 1335 1774 forma

259 1817 359 1883 fuerit
372 1828 567 1901 congregata
582 1827 615 1884 et
628 1821 813 1900 propinqua
827 1821 863 1882 in
878 1821 1059 1900 positioner
1068 1820 1189 1884 accidit
1207 1821 1333 1885 formas

261 1946 373 1992 rerum
396 1946 480 2008 quae
502 1936 591 1992 recte
613 1929 775 2004 videntur,
797 1947 870 1992 esee
893 1929 1000 1992 multo
1021 1930 1128 2010 magis
1142 1930 1290 1995 mortus
1303 1938 1336 1996 et

259 2040 370 2103 minus
392 2040 593 2104 manifestas.
616 2039 697 2102 ilum
719 2039 820 2118 igitur
840 2040 984 2102 minutio
1007 2040 1126 2104 debeat
1141 2057 1214 2104 esse
1229 2041 1335 2104 conai-

260 2147 351 2211 milis
365 2151 401 2210 in
417 2149 582 2212 universis
597 2150 698 2213 rebus
715 2157 747 2212 et
760 2149 797 2211 in
816 2149 981 2213 distantiis
995 2149 1123 2213 formae
1137 2166 1223 2230 quae
1241 2168 1335 2233 appa·

259 2266 321 2332 ret,
332 2265 459 2337 oportet
473 2257 581 2320 inesse
599 2259 647 2321 eis
663 2258 791 2338 aliquid
804 2259 845 2322 de
860 2260 1108 2335 coniunctione,
1119 2277 1197 2322 cum
1212 2260 1334 2323 tuerint

262 2368 409 2430 diversae
431 2368 634 2445 quantitatis.
656 2367 694 2429 In
717 2367 826 2430 torma
842 2368 978 2446 quidem
993 2369 1165 2432 communi
1179 2370 1336 2433 omnibns

261 2477 405 2557 speculis
427 2476 464 2537 fit
479 2495 517 2539 ex
532 2478 697 2557 praedicta
711 2476 892 2551 debilitate,
914 2494 999 2555 quae
1015 2478 1126 2541 existit
1140 2479 1181 2541 ab
1196 2478 1270 2573 ipqa
1284 2496 1336 2544 ro·

259 2586 497 2662 verberatione3
513 2586 549 2647 in
564 2585 670 2649 forma
684 2591 795 2648 autem
810 2603 894 2665 quae
910 2586 1009 2649 estin
1024 2603 1171 2650 concavo
1186 2586 1333 2669 speculo,

261 2696 299 2758 tit
319 2713 358 2758 ex
380 2693 537 2775 qualitate
553 2694 842 2770 reverberationis,
862 2701 895 2758 et
915 2694 981 2757 hoc
995 2695 1034 2758 fit
1046 2695 1191 2759 maxime
1206 2697 1336 2761 duobus

260 2803 383 2882 modis;
405 2801 505 2866 altero
528 2802 663 2882 quidem
691 2819 757 2882 quc
779 2803 818 2865 dt
840 2804 1055 2866 consistentia
1076 2805 1205 2868 formae
1230 2806 1337 2870 maior

262 2929 363 2994 quam
384 2929 476 2985 vera,
498 2918 531 2975 et
552 2911 590 2974 fit
610 2913 717 2975 forma
738 2912 908 2975 moderata
934 2919 968 2975 et
992 2913 1097 2993 magis
1119 2920 1339 2994 congregata,

261 3039 301 3085 eo
325 3020 513 3101 quodcum
535 3019 818 3101 perpendicularis
841 3040 942 3102 super
962 3020 1058 3085 illam
1078 3022 1181 3085 fuerit
1209 3024 1337 3103 posita,

261 3149 330 3193 non
359 3129 478 3194 accidit
505 3136 606 3193 totam
634 3129 776 3192 formam
804 3148 877 3193 esse
905 3131 1088 3194 secundum
1120 3130 1337 3197 directionem

261 3256 355 3302 verae
378 3240 443 3314 rei,
467 3240 627 3320 quoniam
651 3257 736 3321 quae
752 3240 787 3301 in
803 3239 1039 3303 coniunctione
1054 3238 1236 3304 remotiora
1249 3248 1338 3317 sunt,

261 3349 467 3411 constituunt
490 3348 637 3426 aliquam
659 3347 883 3411 reversionem
904 3348 940 3409 in
961 3348 1030 3410 situ
1051 3348 1192 3412 visibilis
1213 3349 1308 3413 radii.

303 3454 412 3518 Altero
434 3473 512 3520 vero
534 3458 635 3520 modo
655 3456 710 3529 nt,
731 3457 810 3536 quia
831 3458 1029 3536 quandoque
1048 3457 1186 3539 quidem
1204 3459 1335 3533 accidit.

261 3565 462 3646 quandoque
484 3583 562 3628 vero
584 3583 752 3644 nusquam
773 3565 945 3645 contingit,
968 3574 1005 3629 ut
1025 3566 1212 3646 praedictae
1227 3567 1336 3632 lineae

259 3675 450 3754 iungantur,
459 3672 550 3736 linea
559 3673 927 3754 videlicetquaeavisu
938 3675 1083 3756 procedit
1094 3675 1136 3738 ad
1149 3676 1336 3757 speculum,
1422 3759 1424 3762 Ι

261 3791 293 3844 et
305 3782 589 3863 perpendicularis
608 3801 693 3864 quae
708 3785 793 3846 cadit
805 3803 825 3846 a
837 3802 871 3848 ra
883 3785 1025 3848 videnda
1036 3802 1137 3866 super
1149 3787 1334 3866 speculum,

262 3910 328 3954 non
342 3893 457 3972 utique
470 3891 538 3968 illa,
552 3910 637 3973 quae
653 3901 702 3956 est
716 3900 792 3957 ante
808 3893 926 3969 visum,
940 3895 998 3956 sed
1014 3911 1098 3973 quae
1114 3912 1215 3974 super
1227 3895 1334 3975 ipsum

262 3997 368 4062 visum
390 4009 440 4063 est
462 4007 518 4063 aut
540 4007 627 4064 retro
651 4001 774 4079 visum3
798 4001 890 4065 locus
915 4001 1003 4065 euim
1028 4003 1152 4066 formae
1172 4002 1208 4064 in
1224 4002 1336 4065 huius·
