3278 5364
1264 489 1321 555 itt

260 610 292 666 et
311 608 468 684 apparent
489 601 652 683 aequales.
674 600 882 664 Manifestum
906 617 1037 681 quoque
1060 607 1122 676 eet,
1144 602 1233 682 quod
1248 616 1323 665 oum

260 715 380 796 positio
409 731 519 776 rerum
547 711 761 776 videndarum
782 711 937 776 fueritin
960 711 1164 793 oppositione
1185 711 1325 776 visibilis

260 822 344 888 redii
371 823 516 886 radentis
545 840 642 904 super
668 840 745 896 eas,
772 822 807 884 in
836 821 941 884 tribus
969 820 1112 903 speculis
1133 822 1173 884 de
1194 822 1325 902 magni·

261 936 372 998 tudine
399 935 513 1015 utique
543 935 584 1013 by
612 940 750 1013 punctus
779 934 795 995 b
822 933 991 1014 apparebit
1013 933 1121 995 dexter
1141 939 1324 1016 propteroa

261 1053 292 1111 et
312 1066 345 1122 s,
375 1047 431 1128 qui
461 1052 538 1109 sunt
566 1063 664 1128 super
685 1064 721 1122 e,
750 1051 782 1108 et
808 1045 970 1108 videbitur
997 1045 1123 1126 positus
1148 1046 1183 1108 in
1205 1046 1324 1110 dextris

261 1158 407 1238 partibus
434 1157 523 1219 visus
545 1175 582 1231 o,
607 1160 639 1220 et
666 1162 807 1237 punctus
827 1175 846 1235 p
872 1163 1003 1238 propter
1024 1176 1046 1219 a
1066 1162 1099 1220 et
1120 1175 1136 1219 o
1158 1157 1325 1238 apparebit

261 1286 413 1350 superq,
434 1267 491 1349 qui
513 1274 562 1332 est
582 1268 616 1330 in
640 1267 774 1330 sinistra
794 1273 887 1349 parte
908 1266 997 1330 visus
1019 1284 1060 1344 o;
1083 1273 1116 1332 et
1136 1285 1213 1330 oum
1235 1265 1321 1332 arbi·

259 1379 334 1442 trati
356 1380 514 1442 fuerimus
537 1379 602 1442 duo
625 1396 697 1443 essa
712 1378 862 1460 speoula,
877 1377 1030 1442 videlieet
1045 1398 1097 1455 ez,
1111 1380 1164 1454 tt,
1180 1378 1324 1443 atinent

259 1496 398 1571 punetue
418 1511 450 1554 m
471 1491 605 1553 sinister
620 1491 655 1553 in
672 1490 899 1571 magnitudine
920 1509 997 1565 ma,
1021 1490 1322 1581 apparabit'utiqus

259 1619 317 1681 per
337 1600 506 1683 speculum
522 1603 558 1664 rt
579 1618 677 1682 super
691 1619 719 1674 o,
742 1608 774 1664 et
794 1601 930 1665 habebit
951 1601 1149 1682 positionem
1163 1602 1321 1676 dextram,

260 1713 441 1775 secundum
463 1713 552 1792 quod
574 1718 708 1794 apparet
728 1710 813 1774 risui
826 1731 860 1787 o,
882 1719 914 1776 et
933 1731 957 1776 a
978 1713 1088 1775 dexter
1102 1730 1249 1794 superq,
1265 1713 1323 1794 qui

259 1828 309 1886 est
328 1824 364 1886 in
386 1823 518 1887 sinistra
539 1830 644 1904 parte.

302 1934 459 1998 desidunt
480 1951 555 2015 ergo
578 1932 715 2009 similia,
737 1952 813 1996 oum
835 1933 968 2015 sperula
988 1933 1125 2009 fuerint,
1147 1934 1231 1999 sieut
1245 1935 1323 1999 dixi·

259 2063 344 2120 mus,
365 2046 468 2126 paria,
487 2044 643 2126 quoniam
658 2044 693 2107 in
709 2044 848 2127 singulis
860 2045 1175 2110 reverberationibus
1188 2047 1323 2110 vertitur

259 2154 395 2219 visibilis
416 2155 528 2218 radius
550 2156 591 2218 ad
614 2153 777 2219 diversam
798 2162 939 2237 partem,
961 2154 1046 2220 siout
1065 2157 1101 2219 in
1124 2156 1222 2220 rebus
1238 2173 1322 2238 quae

259 2272 347 2330 reate
374 2272 551 2347 apparent,
580 2282 720 2345 quarum
746 2267 873 2329 dextrae
901 2271 1007 2346 partes
1032 2265 1129 2330 faciei
1155 2267 1323 2349 oppositae

258 2375 354 2440 faoiei
374 2383 506 2440 nostrae
528 2376 852 2458 comprehenduntur
873 2394 933 2458 per
953 2377 1061 2441 radios
1091 2377 1261 2453 sinistros,
1289 2385 1323 2442 et

258 2486 410 2550 sinistrae
430 2504 490 2569 per
511 2488 648 2552 dextros.

300 2600 433 2661 rreum
455 2598 553 2661 irrerit
574 2597 744 2679 speculum
764 2616 871 2662 unum
893 2604 925 2662 et
944 2597 1160 2663 reverberatio
1180 2617 1263 2673 una,
1285 2617 1323 2664 ex

259 2708 523 2773 reverberatione
544 2711 657 2791 utique
678 2709 785 2791 prima
806 2709 961 2774 videntur
981 2728 1033 2774 res
1055 2711 1184 2775 dextrae
1201 2729 1260 2792 per
1274 2727 1322 2773 ra·

257 2820 328 2884 dios
350 2819 478 2882 dextros
500 2837 518 2882 e
541 2819 670 2884 diverso
692 2837 712 2884 a
734 2820 834 2902 priori
856 2821 969 2895 modo,
999 2826 1032 2884 et
1053 2839 1071 2884 e
1093 2821 1221 2885 diverso
1244 2838 1264 2884 a
1284 2839 1319 2885 ra

258 2947 342 3011 quae
363 2935 450 2993 reete
472 2929 608 2994 videtur.
975 3002 992 3011 Ι,

299 3039 458 3104 Similiter
479 3040 577 3105 etiam
599 3041 776 3123 contingit,
799 3043 828 3106 si
848 3008 1085 3124 berinthum
1105 3040 1238 3163 specu&
1259 3043 1320 3107 im·

257 3151 368 3234 paria;
399 3152 517 3215 accidit
545 3152 635 3215 enim
664 3154 845 3218 secundum
873 3153 1078 3235 sequentium
1110 3153 1321 3234 permutatim

258 3261 330 3327 lieri
358 3262 635 3326 reverberationes
656 3264 693 3327 in
715 3264 860 3346 speculis
881 3265 1034 3346 paribus,
1063 3264 1148 3329 siout
1167 3265 1202 3327 in
1224 3265 1321 3328 rebus

257 3391 340 3454 quae
361 3379 449 3439 recte
470 3373 631 3448 videntur,
654 3381 687 3438 et
708 3374 833 3439 faciunt
850 3377 1071 3440 reversionem
1085 3375 1252 3457 propriam
1267 3392 1321 3456 po·

257 3483 379 3546 sitioni.
415 3483 494 3548 Cum
523 3491 632 3548 autem
661 3485 794 3567 sperula
822 3486 945 3550 fuerint
973 3485 1133 3568 imparia,
1160 3485 1198 3548 fit
1225 3503 1243 3549 e
1272 3485 1321 3548 di·

259 3610 372 3669 verso,
406 3601 437 3659 et
473 3590 654 3674 seeundum
687 3599 823 3662 modum
857 3597 913 3679 qui
941 3598 1091 3679 proprius
1119 3603 1169 3660 est
1196 3595 1320 3677 primae

258 3705 519 3770 reverberationi.

751 3935 827 4006 <D
