3278 5364
342 534 381 595 78

341 641 414 714 tiis,
438 657 520 718 quas
543 637 815 717 comprehendit,
841 635 960 697 minor.
994 632 1131 697 Videtur
1153 638 1268 695 autem
1292 630 1354 694 bac
1374 631 1411 693 de

338 766 439 813 ‹tausa
453 749 541 827 quod
556 749 596 810 de
612 748 710 809 rebus
727 763 812 824 quae
827 746 954 806 suntin
970 743 1075 818 coelo,
1093 747 1126 805 ct
1139 740 1348 805 subtendent
1362 758 1412 803 ae·

339 858 455 937 quales
471 855 611 936 angulos
626 856 712 918 inter
725 855 834 917 radios
848 851 1006 928 visibiles,
1017 851 1097 915 illae
1109 868 1194 930 quae
1206 850 1412 931 propinquae

336 973 416 1029 sunt
435 974 570 1045 puncto,
592 966 650 1044 qui
672 981 772 1043 super
794 970 892 1043 caput
914 968 1066 1024 nostrum
1088 967 1153 1035 est,
1175 968 1341 1041 apparent
1355 958 1414 1020 mi-

339 1092 452 1152 norem
469 1092 555 1155 quae
569 1090 647 1136 vero
661 1080 740 1136 suut
754 1089 855 1153 prope
872 1070 1094 1143 horizontem,
1109 1068 1271 1132 videntur
1284 1068 1411 1131 diverso

338 1185 439 1246 modo
462 1191 495 1246 et
516 1183 702 1245 secundum
724 1180 1012 1244 consuetudinem.
1035 1180 1099 1242 Res
1121 1185 1234 1242 autern
1252 1176 1413 1241 sublimes

339 1292 493 1354 videntur
514 1309 633 1371 parvae
656 1298 745 1354 extra
766 1288 1044 1353 consuetudinem
1067 1295 1198 1351 etcum
1221 1285 1413 1351 difficultate

339 1400 477 1462 actionis
496 1400 684 1463 secundum
698 1400 734 1462 id
750 1399 841 1481 quod
855 1396 1131 1478 praetaxavimus,
1148 1395 1206 1459 ubi
1222 1396 1354 1459 dictum
1368 1403 1414 1459 est

339 1510 429 1587 quod
454 1510 581 1573 iormaa
616 1526 728 1572 rerum
750 1515 937 1572 erectarum
958 1523 1060 1587 super
1081 1504 1218 1585 specula
1239 1506 1284 1568 ad
1307 1512 1413 1569 rectos

340 1616 481 1697 angulos
491 1617 647 1681 videntur
660 1619 847 1681 secundum
860 1614 1094 1679 rectitudinem
1109 1614 1183 1677 siue
1198 1612 1414 1694 proclivitate,

303 1798 306 1803 ³
339 1732 372 1788 et
393 1732 551 1806 apparent
573 1725 750 1789 translatae
772 1726 815 1789 ad
837 1725 978 1788 eandem
999 1729 1145 1804 partem,
1167 1724 1210 1787 ad
1236 1742 1343 1805 quam
1363 1742 1413 1787 res

338 1841 525 1898 moventur.
538 1836 729 1899 Secundum
746 1835 893 1914 speciem
910 1834 1002 1897 enim
1017 1831 1197 1907 doctrinae,
1210 1832 1364 1913 quentin
1376 1852 1412 1898 eo

339 1944 428 2022 quod
456 1952 543 2007 recte
565 1951 723 2025 apparet,
746 1944 934 2017 sumimus,
956 1941 1087 2005 atinde
1109 1942 1346 2021 cognoscimus
1366 1942 1412 2007 rei

338 2052 499 2116 videndae
515 2053 733 2133 positionem,
751 2054 798 2115 ita
816 2051 1027 2132 procedimus
1044 2057 1079 2114 ct
1091 2051 1128 2113 in
1141 2050 1335 2131 cognitione
1351 2052 1412 2115 loci

340 2162 463 2224 formae
491 2180 560 2224 non
581 2182 658 2226 vere
680 2162 884 2243 apparentis,
906 2178 982 2224 cum
1003 2176 1057 2223 res
1074 2166 1273 2240 congregata
1284 2160 1412 2225 videtur

340 2277 428 2333 recte
450 2287 489 2332 ex
510 2270 661 2351 utrisque
676 2271 939 2346 habitudinibus,
951 2269 1044 2333 illius
1056 2267 1223 2345 videlicet,
1238 2285 1327 2350 quae
1342 2270 1412 2334 sub

337 2380 440 2445 iactae
454 2378 503 2441 rei
518 2386 578 2453 est,
593 2388 626 2442 et
640 2380 713 2443 eius
729 2398 814 2460 quae
830 2397 907 2443 vere
922 2386 1068 2460 apparet,
1082 2385 1115 2443 et
1133 2386 1312 2443 conservat
1326 2380 1410 2443 hanc

339 2495 465 2551 metam
493 2505 571 2550 cnm
594 2468 633 2551 eo
656 2490 746 2568 quod
774 2506 812 2551 ex
834 2489 986 2568 utrisque
1007 2493 1163 2568 apparet,
1183 2494 1358 2569 tamquam
1385 2489 1412 2551 si

339 2616 456 2662 omnes
471 2600 663 2662 viderentur
677 2600 862 2661 secundum
879 2596 1122 2679 oppositionem
1144 2594 1188 2659 ad
1207 2602 1339 2677 partem
1359 2614 1413 2679 po-

338 2707 470 2770 sitionis
492 2726 572 2771 suae
594 2724 678 2786 quae
700 2713 843 2787 apparet.
865 2706 1054 2786 Magnitudo
1069 2704 1161 2769 enim
1175 2712 1268 2769 recta
1281 2714 1413 2787 apparet

339 2821 446 2889 recta,
474 2815 582 2879 forma
614 2823 727 2878 autam
751 2832 830 2878 vera
857 2814 894 2876 in
927 2813 1093 2877 distantiis
1123 2815 1306 2879 moderatis
1337 2833 1412 2881 cum

338 2924 439 2987 fuerit
463 2942 564 3004 super
586 2943 688 2987 uuam
717 2923 843 2987 lineam
873 2930 1012 3000 rectam,
1034 2930 1068 2987 et
1093 2940 1148 2987 res
1175 2922 1286 3005 posita
1313 2943 1414 3007 super

338 3034 474 3112 specula
502 3035 544 3096 ad
572 3041 679 3098 rectos
705 3033 860 3114 angulos,
883 3050 1019 3097 necesse
1045 3039 1096 3097 est
1124 3038 1163 3095 ut
1189 3034 1238 3111 id,
1260 3036 1354 3115 quod
1373 3036 1413 3099 de

339 3143 407 3205 situ
429 3151 582 3224 apparat,
604 3143 793 3207 inveniatur
807 3162 846 3207 ex
868 3144 1016 3223 utrisque
1038 3142 1177 3205 insimul
1197 3160 1414 3225 superunam

320 3251 477 3330 lineam,
501 3259 533 3315 et
555 3253 584 3313 si
608 3253 725 3316 eadem
746 3251 942 3331 magnitudo
964 3250 1157 3332 apparuerit
1178 3260 1290 3315 oracta
1316 3271 1414 3335 super

337 3362 465 3440 speculi
487 3362 714 3443 superficiem,
733 3368 766 3425 et
787 3360 949 3441 apparitio
972 3362 1045 3424 eius
1065 3359 1168 3424 fuerit
1187 3377 1288 3441 super
1309 3380 1413 3427 unam

338 3469 464 3533 lineam
485 3478 627 3547 rectam,
650 3488 765 3534 rursus
779 3470 946 3533 videbitur
960 3477 1069 3535 erecta
1089 3487 1191 3550 super
1206 3470 1281 3553 ipsa
1301 3488 1413 3553 super·

339 3577 430 3652 licie,
454 3578 499 3641 ita
520 3580 609 3658 quod
637 3579 731 3644 nulla
752 3579 919 3643 distinctio
942 3579 985 3642 sit
1011 3579 1196 3643 inteream
1225 3587 1259 3643 et
1277 3580 1414 3645 totalem

341 3687 586 3764 diversitatem,
608 3690 698 3752 acsi
720 3688 990 3753 constituerimus
1012 3706 1066 3751 rea
1088 3688 1248 3752 videndas
1270 3688 1306 3753 in
1327 3692 1414 3755 veris

338 3796 438 3872 loeis,
461 3794 537 3859 illas
559 3797 714 3862 videlicet
735 3816 822 3879 quac
837 3805 1019 3880 ponuntur,
1034 3798 1221 3861 secundum
1235 3798 1326 3878 quod
1342 3816 1412 3880 spe·

338 3904 423 3968 culis
447 3906 591 3986 pertinet
612 3907 654 3970 da
676 3906 827 3987 hisquae
841 3908 997 3971 videntur
1016 3913 1049 3971 et
1061 3906 1178 3969 formis
1192 3924 1325 3985 eorum,
1337 3926 1412 3972 con·

339 4024 465 4079 servata
486 4017 521 4078 in
546 4008 751 4098 unoquoque
774 4024 924 4081 utrorum
947 4016 1098 4081 locorum
1119 4023 1210 4081 meta
1223 4016 1309 4093 eius,
1325 4016 1411 4101 quod
