3278 5364
337 501 377 565 ts

373 608 531 675 Similiter
551 609 650 675 etiam
671 610 711 675 de
733 609 845 684 rebus,
868 625 952 689 quae
973 614 1052 671 sunt
1072 607 1341 689 propinquiores,
1362 613 1407 681 et,

334 740 417 803 quae
443 729 522 787 sunt
548 721 760 801 remotiores3
789 736 890 783 causa
917 726 967 783 est
994 716 1141 781 enimin
1161 717 1216 781 his
1239 716 1392 783 omnihus

335 833 518 897 secundum
545 833 649 915 magis
677 840 709 897 et
735 832 857 895 minus.
893 831 996 894 Causa
1022 847 1101 893 vero
1129 829 1263 893 videndi
1291 846 1346 893 res
1375 845 1394 891 a

332 944 429 1025 longe
447 950 496 1007 est
513 944 711 1008 abundantia
726 942 866 1007 visibilis
880 940 1019 1015 virtutis,
1035 940 1123 1004 unde
1141 940 1288 1005 seniores
1306 956 1391 1004 sem-

331 1054 515 1137 pervident
531 1073 603 1119 rem
617 1073 637 1119 a
650 1054 770 1147 minori
787 1053 951 1129 distantia,
965 1052 1122 1132 quoniam
1135 1050 1278 1115 visibilis
1291 1051 1393 1114 virtus

334 1165 450 1231 debilis
472 1166 611 1231 efficitur
631 1166 667 1229 in
688 1165 738 1229 eis
759 1182 836 1229 oum
857 1164 974 1228 ceteris
995 1162 1177 1227 virtutibus.
1207 1160 1261 1225 lili
1282 1168 1392 1225 autem

330 1276 389 1356 qui
408 1275 534 1339 habent
556 1273 669 1339 oculos
691 1291 872 1349 concavos,
899 1273 1011 1338 vident
1031 1290 1051 1335 a
1072 1271 1190 1337 maiori
1215 1271 1392 1346 distantia,

330 1403 429 1472 quam
450 1384 502 1451 illi
524 1388 581 1468 qui
603 1385 684 1451 tales
707 1385 820 1450 oculos
843 1403 910 1449 non
931 1383 1072 1461 habent,
1101 1382 1197 1447 cuius
1223 1390 1394 1447 causaest

330 1496 433 1561 virtus
451 1495 607 1573 visibilis,
628 1514 712 1579 quae
734 1497 772 1559 nt
791 1514 891 1579 prope
913 1494 1182 1589 correctionem
1203 1510 1281 1557 cum
1303 1493 1392 1557 enim

328 1606 492 1686 processio
520 1606 619 1671 luerit
648 1624 686 1671 ex
713 1605 861 1687 angustis
889 1604 992 1677 locis,
1017 1604 1221 1687 protenditur
1247 1601 1339 1667 visus
1359 1608 1391 1666 et

331 1714 511 1797 elongatur.
534 1716 637 1781 Causa
652 1734 781 1797 quoque
796 1715 928 1779 videndi
945 1733 997 1779 res
1015 1732 1034 1777 a
1048 1714 1235 1797 propinquo
1249 1713 1325 1779 loco
1344 1720 1391 1779 ost

328 1827 530 1905 humiditas,
560 1828 655 1892 cuius
676 1845 750 1910 pars
772 1826 896 1890 recedit
916 1843 993 1891 cum
1016 1824 1109 1901 visu,
1131 1824 1293 1905 quoniam
1314 1842 1390 1889 cum

327 1939 426 2003 luerit
447 1957 562 2023 pauca,
584 1937 702 2003 accidit
722 1938 842 2015 statim,
865 1955 942 2001 cum
961 1936 1156 2019 processerit
1177 1936 1277 2013 visus,
1290 1938 1390 2001 disce·

328 2049 404 2113 dere
431 2048 530 2113 illum
556 2050 597 2113 ab
626 2067 685 2125 ea,
714 2055 746 2114 et
771 2046 877 2113 videri
904 2065 956 2111 res
984 2047 1186 2131 propinquas
1207 2047 1389 2129 exquisite;

326 2177 467 2241 cumque
492 2159 598 2225 multa
624 2160 723 2225 luerit
750 2159 951 2235 humiditas,
970 2158 1134 2224 videbitur
1155 2176 1207 2223 res
1229 2178 1250 2223 a
1270 2176 1388 2241 magna

326 2269 499 2347 distantia,
521 2270 568 2343 ita
589 2272 677 2353 quod
698 2271 757 2353 qui
776 2268 917 2335 voluerit
937 2269 1161 2335 indubitanter
1180 2269 1310 2347 videre,
1331 2288 1386 2335 ne-

325 2400 414 2447 cesse
435 2388 484 2447 est
505 2382 536 2447 ei
559 2383 703 2465 aspicere
724 2400 744 2446 a
764 2381 872 2465 longe.
896 2380 1009 2447 Simile
1024 2387 1136 2447 autem
1150 2382 1231 2447 huic
1245 2382 1337 2465 quod
1350 2382 1384 2447 in

323 2495 398 2557 visu
417 2493 554 2567 accidit,
577 2492 694 2559 accidit
715 2499 748 2558 et
767 2492 803 2555 in
825 2499 933 2569 tactu;
955 2509 1057 2555 unam
1079 2494 1169 2557 enim
1190 2501 1224 2559 et
1245 2492 1384 2557 eandem

325 2622 395 2669 rem
416 2603 604 2669 molliorem
625 2604 760 2687 quidem
781 2605 879 2668 sentit
892 2602 960 2679 ille,
975 2604 1033 2685 qui
1046 2621 1166 2685 corpus
1181 2603 1282 2667 habet
1297 2622 1384 2687 aspe-

324 2716 404 2792 rius,
420 2733 520 2796 quam
535 2714 593 2798 qui
607 2731 725 2796 eorpus
739 2714 838 2778 habet
851 2712 997 2778 mollius.
1021 2714 1120 2777 (iuius
1138 2721 1250 2779 autem
1267 2730 1385 2799 corpus

324 2832 373 2890 est
399 2825 562 2902 calidius,
588 2826 690 2889 sentit
715 2824 809 2889 illam
834 2822 1057 2905 frigidiorem,
1086 2842 1187 2906 quam
1207 2823 1267 2889 ille
1290 2824 1383 2889 cuius

324 2952 442 3017 corpus
464 2943 513 2999 est
533 2935 693 3017 trigidius.
716 2937 841 2999 Rursus
863 2953 938 2999 cum
960 2934 1074 2999 eadem
1096 2935 1288 3015 magnitudo
1305 2942 1384 3001 tota·

324 3045 399 3109 liter
418 3045 548 3110 videtur
567 3047 690 3122 maior,
712 3052 819 3129 partes
841 3052 950 3110 autern
967 3046 1038 3110 eius
1052 3045 1210 3121 minores,
1224 3052 1256 3111 et
1270 3063 1384 3111 sensus

323 3155 459 3221 obvians
481 3157 511 3221 ei
532 3156 691 3232 insimul,
712 3156 816 3237 magis
838 3156 1004 3238 cognoscit
1025 3157 1243 3237 quantitatem
1265 3158 1382 3233 totius,

323 3273 355 3331 et
376 3285 452 3345 cum
472 3267 651 3347 obviaverit
672 3284 755 3332 unae
776 3269 918 3349 partium
940 3274 1014 3331 ante
1037 3266 1188 3343 alteram,
1210 3273 1244 3332 et
1264 3266 1381 3334 alterae

323 3383 394 3456 post
416 3377 561 3455 alteram,
582 3378 695 3443 minus
717 3377 882 3459 cognoscit
903 3384 1018 3454 totum,
1033 3384 1158 3459 partem
1172 3395 1251 3443 vero
1264 3378 1381 3461 magis5

285 3508 289 3516 ·
323 3493 355 3550 et
369 3505 446 3563 oum
461 3506 680 3571 unaquaeque
694 3507 816 3565 rerum,
835 3506 918 3572 quae
932 3487 1269 3571 comprehenduntur,
1283 3488 1382 3555 luerit

321 3595 432 3661 minor
459 3599 494 3661 in
524 3617 563 3664 eo
592 3599 681 3679 quod
703 3599 743 3663 de
770 3606 837 3664 toto
865 3606 999 3681 apparet
1025 3618 1063 3663 ex
1088 3599 1136 3663 eis
1163 3599 1380 3676 consistente,

321 3709 513 3790 magnitudo
536 3709 649 3791 utique
670 3726 746 3775 cum
768 3711 926 3775 contiuua
946 3711 1059 3785 fuerit,
1081 3709 1216 3801 habebit
1237 3710 1380 3793 aliquam

320 3819 569 3902 dispositionem
590 3818 780 3903 particulari
800 3821 953 3903 parvitati
972 3821 1202 3903 pertinentem.

359 3929 518 3995 Similiter
533 3929 635 3994 etiam
653 3949 691 3995 ex
707 3931 891 3997 diversitate
906 3931 1078 4014 positionis
1092 3931 1317 3997 subiectarum
1331 3951 1378 3999 re·

320 4056 416 4131 rum,
437 4059 520 4123 quae
542 4042 579 4123 tlt
601 4043 784 4129 seeundum
805 4043 909 4125 magis
933 4050 965 4108 et
984 4042 1117 4119 minus,
1139 4042 1259 4125 accidit
1279 4060 1379 4137 prope
