3278 5364
609 567 612 573 .
1262 516 1322 583 101

258 634 366 693 erecta
385 644 484 710 snper
497 627 621 692 lineam
635 630 684 729 et,
705 645 790 710 quae
804 627 951 710 propedit
968 634 1114 693 noentro
1129 644 1145 694 t
1162 626 1324 693 adrectos

259 739 408 822 angulos.
428 738 636 805 Manifestum
651 745 799 821 astorgo,
814 740 903 822 quod
917 738 1144 821 unusquisqne
1158 737 1327 807 radiorum

258 850 418 928 duorum,
433 851 491 933 qui
503 851 684 934 procedunt
700 857 853 933 apuneto
875 850 1128 932 contignationis
1141 867 1182 915 ex
1194 849 1327 931 punctis

257 980 286 1040 r,
296 963 327 1039 lt,
339 961 529 1049 refringitur
543 981 642 1046 super
652 960 792 1026 alterum
804 962 846 1026 ad
856 961 1008 1044 aequales
1021 959 1158 1043 angulos
1169 960 1254 1025 siant
1262 962 1327 1039 ale,

257 1074 330 1150 olla·
345 1079 380 1138 et
395 1079 524 1157 oportet
540 1090 578 1138 ex
594 1073 647 1137 his
663 1091 748 1153 qnae
765 1068 918 1150 diximus,
932 1077 969 1135 ut
983 1071 1012 1136 si
1027 1073 1062 1136 tt
1076 1071 1175 1151 tuerit
1188 1067 1326 1154 perpen-

254 1183 415 1266 dicularis
435 1183 608 1267 superat,
630 1183 722 1249 linea
742 1184 856 1266 utique
869 1184 905 1247 at
920 1188 1030 1264 tangat
1044 1180 1206 1247 circulum
1218 1176 1277 1246 tta
1290 1181 1327 1247 in

258 1301 383 1378 minoto
403 1299 484 1381 t,.et
508 1295 649 1377 angulus
669 1296 729 1359 ztt
754 1294 860 1360 maior
881 1292 924 1358 sit
944 1293 1106 1359 universis
1127 1292 1268 1376 angulis,
1284 1308 1328 1359 ex

259 1406 382 1489 quibus
395 1405 433 1470 at
446 1407 673 1473 reverberatio.
693 1407 741 1470 Sit
754 1405 844 1471 enim
865 1411 1016 1470 centrum
1036 1402 1152 1470 circuli
1171 1403 1228 1471 tte
1247 1422 1328 1488 pun·
1410 1441 1413 1448 ·

259 1525 332 1585 otus
352 1529 379 1597 t,
401 1525 435 1584 et
461 1517 634 1602 copulatur
654 1517 744 1583 linea
772 1518 819 1597 ιη
847 1518 925 1600 qnia
947 1535 1024 1599 ergo
1044 1529 1079 1582 tt
1099 1524 1148 1583 est
1172 1515 1260 1580 sicut
1281 1516 1328 1596 tl,

259 1629 325 1696 ortt
350 1628 490 1712 angrrlns
516 1631 566 1694 tta
593 1628 678 1694 siout
705 1627 844 1710 angulus
867 1629 936 1706 tot,
962 1629 1021 1694 sed
1045 1626 1184 1711 angulus
1209 1625 1260 1693 tat
1279 1633 1330 1692 est

259 1739 426 1824 sequuta,
448 1759 489 1807 eo
511 1741 599 1823 quod
622 1758 660 1806 ex
682 1740 810 1823 angulis
832 1741 904 1829 tae,
925 1742 997 1818 elz,
1019 1740 1160 1821 angulus
1180 1756 1258 1821 ergo
1279 1739 1329 1805 tic

259 1860 310 1938 eat
325 1851 475 1935 aequalia
493 1851 623 1934 angulis
637 1855 706 1930 azt,
721 1855 777 1918 etz
794 1851 830 1916 in
846 1851 961 1930 simul,
977 1857 1010 1916 et
1024 1850 1164 1934 angulus
1177 1852 1231 1916 atr
1243 1850 1330 1915 siout

257 1963 400 2048 angulus
420 1963 497 2042 alin
517 1970 617 2029 restat
638 1974 714 2045 ergo
737 1961 879 2045 angulus
900 1963 956 2028 tta
976 1962 1062 2026 siout
1083 1961 1224 2043 angulus
1246 1960 1327 2039 trit,

257 2075 361 2157 fitque
387 2073 528 2157 angulus
554 2077 618 2140 tta
646 2075 850 2154 eommunis3
880 2071 943 2138 erit
970 2090 1046 2154 ergo
1075 2078 1162 2139 totus
1184 2069 1327 2160 angulus

251 2188 312 2277 tta
340 2185 427 2252 siout
448 2185 568 2268 anguli,
582 2189 649 2265 azt,
670 2188 731 2251 ztlt
751 2185 861 2250 simul.
884 2186 917 2250 Si
942 2183 981 2249 hi
1003 2185 1068 2250 dno
1090 2183 1204 2267 anguli
1224 2182 1328 2253 simul

257 2303 339 2374 sunt
369 2298 455 2365 sieut
485 2296 627 2380 angulus
658 2296 790 2376 neotus,
827 2297 987 2379 quoniam
1018 2295 1179 2378 angulus,
1200 2294 1259 2377 qui
1280 2301 1329 2360 est

222 2448 231 2458 ·
258 2426 361 2492 penes
386 2410 424 2495 t,
450 2414 501 2473 eat
527 2415 652 2486 reatus,
681 2415 714 2474 et
735 2408 877 2490 angulus
903 2426 979 2491 ergo
1001 2411 1054 2474 tta
1074 2413 1124 2473 est
1144 2415 1271 2484 reatus,
1293 2414 1327 2473 et

259 2517 350 2583 linea
370 2521 412 2583 ts
433 2519 537 2601 tangit
551 2517 713 2597 circulum
733 2518 802 2598 aa·
825 2519 964 2601 angulus
981 2535 1057 2600 argo
1073 2518 1134 2583 stt
1153 2515 1261 2583 maior
1277 2523 1328 2584 est

258 2636 410 2696 consorte
432 2630 473 2695 de
496 2630 639 2713 angulis,
661 2649 700 2696 ex
721 2630 841 2714 quibus
862 2631 901 2695 fit
920 2630 1150 2696 reverberatio.

302 2740 395 2819 Quod
415 2741 514 2824 igitur
533 2760 614 2807 oum
633 2742 850 2807 reverberatio
871 2741 1005 2807 inerita
1022 2739 1171 2824 quolibet
1190 2739 1265 2806 loeo
1286 2737 1327 2806 do

231 2860 238 2869 ’
256 2853 405 2936 qualibet
421 2854 635 2921 medietatum
653 2844 769 2919 emonii
785 2853 827 2918 ad
842 2852 996 2936 aequales
1012 2851 1161 2935 angulos,
1175 2853 1326 2937 impossi-

259 2964 327 3029 bile
346 2970 396 3030 est
412 2965 505 3030 illam
518 2966 591 3030 fieri
607 2965 647 3031 ab
662 2965 727 3030 alio
742 2964 816 3030 loeo
831 2965 871 3030 de
882 2965 1060 3037 ,medietate
1075 2963 1202 3044 eirouli3
1219 2963 1325 3031 mani·

256 3075 380 3158 ¹tostum
397 3075 460 3140 erit
476 3075 541 3141 hoe
558 3077 669 3164 modo,
681 3075 841 3153 videlieet,
857 3077 886 3140 si
899 3075 1057 3159 possibile
1072 3082 1131 3154 est,
1146 3075 1325 3159 refringan-

255 3194 311 3269 tur
327 3187 470 3273 radiial,
485 3189 534 3266 tt,
549 3207 596 3263 sa,
611 3189 653 3252 alt
667 3187 732 3268 (fig.
747 3186 821 3265 ta),
840 3193 873 3252 et
889 3186 1083 3271 copulentur
1097 3186 1204 3252 lineae
1221 3188 1267 3265 at,
1283 3204 1327 3252 er.

257 3297 420 3380 Quoniam
437 3315 513 3380 ergo
531 3296 662 3380 utrique
677 3297 790 3381 anguli
804 3298 900 3364 divini
913 3304 991 3361 sunt
1003 3317 1062 3381 per
1077 3296 1157 3363 duas
1171 3297 1328 3362 medieta-

258 3415 319 3486 tes,
330 3408 392 3495 erit
404 3427 634 3491 unaquaeque,
645 3409 685 3473 de
697 3409 906 3492 proportione
916 3411 950 3474 at
964 3409 1007 3474 ad
1018 3411 1061 3488 tt,
1075 3415 1109 3474 et
1117 3408 1327 3493 proportione

257 3538 294 3585 st
313 3519 358 3602 ad
373 3521 426 3596 als,
448 3519 719 3604 sieut-proportio
740 3539 779 3585 aa
801 3520 843 3586 ad
863 3523 918 3599 et,
939 3526 973 3586 et
989 3527 1087 3586 erunt
1104 3519 1271 3603 aequales,
1292 3527 1325 3585 et

233 3638 236 3645 “
258 3630 469 3717 permutatim
483 3632 545 3696 arit
557 3632 723 3715 proportio
737 3651 775 3697 za
791 3632 879 3722 adst
893 3633 980 3698 siout
992 3632 1159 3716 proportio
1169 3632 1208 3697 tlt
1221 3631 1263 3697 ad
1275 3632 1326 3704 ll:

258 3741 318 3824 aad
337 3741 428 3807 linea
441 3762 481 3808 za
503 3749 551 3807 est
571 3743 682 3808 minor
699 3761 800 3826 quam
820 3742 911 3809 linea
930 3745 984 3821 st,
1005 3742 1095 3809 linea
1108 3760 1184 3824 ergo
1204 3743 1246 3808 alt
1266 3742 1328 3807 erit

259 3852 367 3918 minor
375 3852 466 3918 linea
478 3854 528 3932 tt,
540 3855 629 3936 qnod
641 3861 690 3919 est
699 3853 828 3921 falsum.
841 3853 1001 3919 Similiter
1011 3855 1112 3920 etiam
1123 3854 1326 3918 demonstra-

258 3961 346 4029 bitur
366 3965 455 4047 qaod
475 3965 635 4042 diximus,
657 3973 690 4031 et
710 3967 746 4029 in
761 3965 829 4030 alia
847 3967 1022 4030 medietate
1045 3963 1177 4042 oueuli,
1198 3964 1277 4048 quia
1297 3963 1327 4028 si

258 4074 458 4160 ratringetur
470 4075 583 4159 radius
596 4077 639 4143 ad
653 4076 807 4160 aequales
822 4076 958 4162 angulos
972 4083 1009 4141 ut
1026 4095 1046 4142 a
1060 4081 1182 4160 punoto
1194 4076 1221 4155 l,
1233 4082 1267 4143 et
1279 4092 1328 4142 ar·
