3278 5364
326 520 366 585 ta

324 631 425 697 fuerit
450 630 555 696 lenita
580 637 614 696 et
642 628 801 711 exquisite
829 626 1001 710 aequalis,
1022 628 1060 692 lit
1080 629 1194 697 forma
1209 629 1284 705 roi,
1303 647 1386 712 quae

325 742 360 806 in
383 761 423 808 ea
442 742 579 816 videtur,
601 759 669 805 una
690 746 723 804 et
745 738 864 803 similis
885 739 966 821 ipsis
987 739 1088 804 rebus
1110 739 1146 805 in
1167 739 1293 821 figura,
1311 757 1388 824 quo·

325 854 416 917 niam
437 851 642 935 impossibile
665 858 715 915 est
736 858 815 915 tuno
838 849 1137 915 reverberationem
1158 850 1249 925 fleri,
1266 851 1334 917 nisi
1353 851 1387 914 in

324 983 390 1028 uno
411 963 485 1029 loeo
508 962 625 1047 planae
647 960 844 1045 superficiei.
865 960 982 1043 anguli
1004 960 1096 1025 enim
1116 960 1202 1025 flunt
1223 961 1386 1043 aequales,

324 1076 454 1155 quando
476 1073 693 1139 reverberatio
716 1072 753 1136 tit
774 1071 814 1137 ab
837 1090 904 1137 uno
925 1070 998 1136 looo
1021 1072 1065 1137 ad
1084 1072 1188 1137 alium
1209 1072 1335 1151 looum,
1355 1079 1387 1139 et

323 1203 400 1249 oum
411 1184 602 1267 superficies
611 1184 713 1248 luerit
725 1183 908 1265 inaequalis
920 1190 953 1247 et
963 1201 1032 1247 non
1041 1181 1155 1260 lenita,
1167 1182 1326 1265 possibile
1337 1188 1387 1249 ost

324 1303 402 1361 tuno
423 1314 495 1360 rem
516 1295 693 1359 videndam
715 1312 872 1377 apparere
896 1294 932 1357 in
955 1293 1108 1377 pluribus
1131 1292 1214 1361 loois
1235 1293 1386 1371 termini,

324 1407 378 1471 oui
403 1424 596 1472 communes
625 1412 704 1470 sunt
732 1404 922 1487 superfloios
951 1422 1034 1487 quas
1056 1404 1209 1469 diximus.
1237 1404 1290 1471 tit
1311 1423 1385 1487 ergo

324 1517 438 1582 exinde
453 1516 621 1597 longitudo
634 1517 759 1580 formae
774 1515 822 1580 rei
838 1515 1011 1591 videndae,
1028 1514 1188 1597 quoniam
1202 1515 1311 1581 torma
1324 1515 1386 1581 erit

324 1629 360 1691 in
389 1625 472 1691 locis
500 1625 585 1703 illis,
614 1644 633 1690 a
662 1627 781 1707 quibus
809 1626 847 1688 lit
875 1626 1096 1692 reverberatio
1124 1625 1168 1690 ad
1195 1632 1302 1693 raetos
1330 1644 1387 1691 an-

323 1737 433 1820 gulos,
457 1738 516 1820 qui
540 1743 620 1803 sunt
644 1737 763 1802 diversi
789 1743 922 1819 propter
950 1743 1123 1801 curvaret
1147 1754 1308 1803 oonoaras
1332 1756 1387 1803 su·

323 1849 472 1930 perficies
494 1848 678 1914 continuas.
690 1851 837 1938 ‘Formae
859 1854 971 1913 autem
986 1846 1091 1924 lorus,
1106 1865 1190 1931 quaa
1205 1856 1341 1931 apparet
1352 1848 1386 1913 in

323 1954 554 2023 communibus
576 1957 678 2035 loeis,
701 1959 762 2023 erit
782 1976 882 2041 supra
903 1958 1130 2041 superfioiem,
1151 1976 1205 2025 rer
1228 1957 1322 2024 enim
1340 1959 1388 2023 vi·

325 2071 432 2135 denda
454 2071 517 2135 erit
539 2076 626 2135 extra
647 2075 815 2147 oentmm;
837 2087 1058 2153 unaquaeque
1073 2075 1184 2134 autem
1197 2069 1389 2147 termarum,

323 2199 407 2262 quae
432 2187 588 2263 apparent
613 2180 652 2244 de
674 2180 773 2245 rebus
795 2180 1008 2245 existentibus
1029 2179 1146 2245 subtus
1168 2180 1389 2262 superficiem,

322 2291 487 2356 videbitur
511 2309 631 2374 parum
656 2291 696 2355 ab
723 2309 763 2355 ea
790 2291 948 2356 remotior
972 2299 1106 2374 propter
1131 2289 1389 2365 declinationem

324 2402 464 2468 visibilis
493 2402 576 2466 radii
604 2401 645 2465 ad
672 2400 774 2483 latus;
803 2407 940 2467 etcum
967 2418 1056 2483 aqua
1081 2401 1266 2467 movebitur
1290 2403 1390 2469 vehe-

322 2519 471 2589 menter,
499 2514 538 2577 fit
563 2514 671 2578 torma
701 2512 806 2575 ineisa
834 2511 1019 2594 disgregata
1037 2518 1174 2595 propter
1203 2510 1390 2579 eminentes

322 2631 431 2705 partes
453 2641 567 2689 curvas
590 2631 622 2687 et
642 2640 811 2699 oonoavas,
834 2640 919 2704 quae
941 2618 1079 2705 magnae
1100 2630 1189 2699 sunt,
1210 2629 1244 2688 st
1263 2623 1328 2693 ban
1348 2624 1389 2691 da

322 2751 423 2798 oausa
442 2752 662 2817 unaquaeque
678 2751 793 2799 earum
807 2733 961 2803 semotim
973 2739 1080 2815 potest
1089 2732 1193 2798 videri
1203 2734 1389 2813 manifeste,

323 2852 356 2908 et
376 2844 497 2909 alterae
515 2834 628 2909 earum
643 2846 848 2927 apparebunt
860 2844 1074 2911 sublimiores
1088 2844 1211 2922 alteris,
1223 2844 1391 2911 stellerae

321 2954 508 3034 interiorem
523 2955 581 3018 sed
596 2972 673 3020 eum
688 2954 878 3037 superficies
893 2953 1008 3019 leviter
1024 2955 1222 3032 movebitur,
1231 2954 1271 3021 tlt
1282 2956 1390 3031 forma

323 3063 428 3147 magis
456 3065 617 3131 continua
644 3074 776 3149 propter
806 3066 998 3149 parvitatem
1026 3065 1241 3150 speculorum
1268 3068 1313 3131 ad
1337 3067 1390 3139 in·

321 3177 427 3241 vicem
451 3177 696 3241 continuorum,
717 3178 840 3241 Verum
862 3196 940 3242 oum
961 3197 1029 3245 non
1052 3179 1264 3261 apparuerint
1286 3179 1389 3247 diver·

320 3288 432 3353 sitates
458 3306 572 3353 earum
595 3288 631 3351 in
656 3288 837 3373 profundo,
859 3288 1023 3353 videbitur
1051 3296 1157 3355 totum
1185 3289 1270 3357 illud
1293 3289 1390 3375 quasi

323 3427 375 3473 res
398 3426 466 3472 una
486 3407 600 3488 longa,
622 3414 656 3472 et
677 3416 835 3489 tanquam
855 3408 885 3473 si
906 3408 1040 3474 haberet
1060 3427 1162 3475 unam
1177 3408 1386 3475 altitudinem

322 3519 491 3583 insensu.
513 3518 721 3584 Manifestum
743 3525 792 3583 est
813 3537 889 3601 ergo
903 3538 942 3584 er
954 3519 1008 3587 his
1025 3537 1108 3601 quae
1125 3519 1280 3597 diximus,
1298 3522 1387 3605 quod

323 3629 352 3695 si
381 3629 418 3692 in
447 3635 523 3693 ortu
551 3628 603 3693 vel
635 3646 753 3694 oooasu
774 3627 876 3706 solis,
907 3630 1054 3711 aliquam
1075 3631 1293 3712 quantitatem
1313 3631 1385 3711 eius

321 3758 412 3805 mare
434 3739 559 3814 texerit,
581 3737 799 3819 tranquillum
821 3740 1063 3820 quodammodo
1085 3743 1243 3819 annuns,
1263 3743 1388 3819 videbi-

323 3861 376 3917 tur
396 3869 495 3934 super
522 3866 643 3931 aquarn
664 3867 717 3915 res
739 3840 899 3923 oonunua
918 3869 996 3917 oum
1020 3851 1090 3919 sole
1116 3852 1265 3935 aequalis
1286 3871 1389 3937 quan·

323 3963 423 4039 titati,
444 3979 529 4043 quae
552 3961 593 4027 de
614 3980 654 4026 eo
676 3968 811 4044 apparat
832 3981 931 4046 super
954 3982 1090 4049 aquam3
1113 3973 1145 4041 et
1166 3965 1194 4030 si
1213 3984 1303 4050 equa
1319 3983 1386 4035 mo-

324 4074 394 4145 tice
416 4081 579 4156 movetur,
600 4072 765 4144 videbitur
785 4073 926 4163 longior.
