3278 5364
1223 552 1284 619 tlt
1371 585 1376 594 ·

209 675 297 733 trum
326 669 397 733 eius
427 667 529 730 sitin
557 687 591 740 e,
620 673 652 729 et
678 665 839 730 diameter
865 668 936 730 eius
958 684 1057 748 super
1085 666 1283 732 diametrum

210 780 255 841 td
274 784 313 842 ut
336 779 382 853 tl,
403 797 443 841 oe
465 795 539 840 vero
562 777 604 838 sit
626 776 905 857 perpendicularis
928 795 1028 856 super
1049 775 1137 841 latus
1158 779 1282 843 vitreae

208 888 402 970 superficiei.
426 887 544 949 Omnes
568 904 644 966 ergo
667 885 791 959 lineae,
814 903 897 966 quae
912 886 1149 965 protrahuntur
1164 906 1183 951 a
1198 906 1303 969 pun·¹

210 1007 292 1063 ctoe
315 997 357 1060 ad
379 995 679 1060 circumferentiam
695 997 765 1074 bod
787 1001 820 1058 et
842 996 883 1056 ad
901 996 1201 1060 circumferentiam
1216 999 1283 1071 att,

208 1116 306 1174 erunt
336 1107 634 1190 perpendiculares,
668 1106 702 1170 Si
735 1107 847 1187 itaque
880 1095 991 1188 ipsum
1023 1108 1283 1188 experimentum

209 1219 315 1283 simili
334 1219 542 1299 praecedenti
564 1217 664 1279 modo
687 1217 966 1297 disposuerimus,
990 1223 1023 1280 et
1045 1217 1283 1296 signaverimus

208 1329 342 1411 aliquod
364 1345 500 1410 parvum
523 1327 654 1407 signum
676 1326 711 1388 in
735 1327 909 1406 superficie
928 1327 1065 1390 cadente
1085 1344 1183 1408 super
1199 1346 1284 1408 pun-

208 1447 298 1503 ctum
320 1459 335 1502 e
355 1440 390 1501 in
412 1438 522 1502 medio
545 1437 658 1500 lateris
681 1436 929 1518 semieylindri,
958 1436 1181 1517 aspexerimus
1203 1455 1282 1518 quo·

209 1567 272 1631 que
294 1567 370 1613 eum
389 1549 490 1611 altero
507 1548 679 1611 oculorum
695 1547 876 1610 seeundum
892 1545 1107 1609 directionem
1122 1546 1230 1611 lineae
1244 1566 1283 1610 oe

208 1661 249 1724 ad
278 1660 460 1739 marginem
487 1658 586 1732 vitri,
614 1674 664 1720 res
693 1657 808 1737 utique
838 1674 938 1736 quam
963 1657 1161 1720 volverimus
1183 1676 1283 1738 super

207 1769 507 1833 circumferentiam
530 1768 716 1849 oppositam
738 1767 816 1830 huic
837 1767 1139 1842 circumferentiae,
1162 1786 1282 1849 quous·
1358 1747 1362 1753 ⁵

208 1898 270 1961 que
293 1885 446 1961 appareat
468 1885 542 1941 ante
565 1897 622 1953 se,
651 1877 835 1939 invenietur
862 1876 969 1957 posita
990 1895 1090 1958 super
1113 1877 1222 1958 ipsum
1243 1897 1281 1957 9,

208 1991 296 2055 linea
318 1991 408 2052 enim
430 2007 489 2068 nep
520 1995 569 2051 est
591 1986 871 2068 perpendicularis
895 2005 992 2068 super
1012 2005 1281 2070 unamquamque

207 2120 245 2164 ex
268 2102 333 2174 tel,
358 2102 422 2165 tlel.
446 2101 482 2160 Et
505 2117 577 2160 cum
602 2097 800 2175 volverimus
822 2098 951 2175 visum,
974 2116 1145 2179 quousque
1167 2117 1280 2179 perve-

206 2211 293 2274 nerit
315 2211 354 2273 ad
378 2209 490 2273 locum
514 2209 687 2271 adversum
709 2207 787 2270 huic
810 2205 905 2281 loco,
929 2214 962 2270 et
985 2209 1207 2287 aspexerimus
1230 2227 1281 2272 se-

204 2321 350 2385 cundum
373 2319 586 2382 directionem
601 2317 709 2380 lineae
724 2337 777 2396 qe,
793 2333 878 2397 quae
894 2335 994 2398 super
1010 2319 1194 2396 marginem
1209 2317 1280 2380 vol·

204 2422 491 2510 ritur,'.apparebit
509 2429 605 2489 nobis
619 2445 671 2488 res
686 2427 719 2488 in
738 2426 946 2509 oppositione
960 2447 1014 2506 qe,
1034 2428 1096 2490 erit
1110 2429 1193 2491 situs
1210 2429 1280 2492 eius

204 2558 304 2621 super
324 2557 383 2611 eo,
406 2545 526 2600 elnon
550 2538 610 2600 erit
632 2537 745 2599 fractio
772 2538 806 2598 in
830 2537 919 2600 exitu
941 2538 979 2599 de
1002 2537 1084 2601 vitro
1108 2539 1148 2601 ad
1170 2557 1280 2602 aerem

204 2651 267 2713 hac
291 2649 407 2713 eadem
430 2649 469 2712 de
495 2667 604 2711 causa.
632 2647 667 2710 Si
688 2664 765 2709 vero
788 2647 1027 2726 sumpserimus
1050 2648 1196 2729 aliquam
1217 2650 1281 2712 eir·

204 2759 455 2823 oumferentiam
477 2759 587 2820 datam
611 2775 629 2818 a
651 2764 771 2838 puncto
794 2777 821 2832 a,
844 2762 881 2820 ut
904 2758 1204 2822 circumferentiam
1225 2780 1281 2834 oz,

204 2876 236 2932 et
258 2869 514 2949 protraxerimus
537 2867 661 2928 lineam
677 2884 733 2940 ze,
756 2867 939 2929 colorantes
956 2885 1030 2930 eam
1047 2866 1157 2930 colore
1174 2870 1280 2950 nigro,

202 2984 235 3041 et
255 2995 368 3040 rursus
392 2976 615 3057 aspexerimus
630 2974 700 3050 hic,
722 2993 893 3056 quousque
908 2994 960 3039 res
977 2994 1060 3056 quae
1077 2977 1216 3040 volvitur
1232 2998 1281 3042 re·

202 3095 250 3150 tro
273 3087 402 3161 vitrum,
425 3087 572 3149 videatur
585 3085 620 3146 in
634 3085 815 3148 directione
831 3085 936 3166 ipsius
952 3085 1071 3160 lineae,
1087 3097 1119 3150 et
1134 3087 1280 3169 signave-

201 3196 307 3277 rimus
330 3196 443 3277 aliquo
459 3197 553 3276 signo
569 3194 681 3258 locum
697 3213 797 3274 quem
813 3196 1051 3271 invenerimus,
1073 3204 1110 3260 ut
1125 3197 1235 3261 locum
1250 3201 1280 3272 lt,
1300 3205 1304 3214 '

202 3325 372 3388 quousque
396 3305 488 3369 color
516 3307 609 3384 niger
635 3304 795 3368 efficiatur
817 3304 993 3369 continuus
1016 3324 1092 3369 cum
1113 3309 1172 3382 eft,
1194 3307 1281 3372 inve·

200 3419 332 3480 niemus
347 3417 467 3479 iterum
484 3415 539 3478 hio
555 3416 642 3496 quod
657 3414 796 3495 angulus
811 3435 875 3478 aaz
890 3417 996 3479 maior
1009 3423 1056 3478 est
1071 3417 1191 3498 angulo
1203 3421 1279 3498 pell,

201 3536 234 3592 et
255 3527 464 3589 inveniemus
489 3532 701 3607 augmentum
724 3525 795 3588 eius
817 3525 924 3588 maius
948 3543 1048 3605 quam
1067 3534 1279 3607 augmentum

200 3637 271 3700 eius
293 3636 329 3698 in
353 3653 448 3717 aqua,
469 3636 528 3698 ubi
545 3641 614 3697 erat
630 3635 783 3699 distantia
799 3637 884 3699 sieut
900 3636 980 3699 haee
995 3636 1162 3702 distantia.
1186 3637 1280 3702 Cum·

201 3765 264 3827 que
278 3745 467 3809 steterimus
481 3746 512 3806 in
530 3744 604 3806 loco
621 3744 735 3825 punotl
750 3747 781 3820 t,
794 3745 850 3827 qui
866 3752 916 3808 est
929 3747 1098 3828 oppositus
1117 3755 1238 3828 puncto
1254 3767 1279 3821 e,

199 3861 231 3919 et
253 3856 477 3936 aspexerimus
501 3855 541 3916 ab
566 3854 635 3935 ipso
660 3861 781 3935 puncto
803 3857 838 3929 lt,
862 3854 1045 3918 secundum
1062 3859 1118 3930 de,
1141 3876 1277 3939 appare·

199 3966 283 4028 hunt
308 3966 438 4046 utrique
467 3964 566 4026 simul
594 3970 693 4044 super
719 3983 820 4027 unam
844 3972 875 4028 et
898 3967 1050 4029 eamdem
1073 3965 1220 4045 lineam;
1248 3974 1280 4032 et

202 4073 282 4155 quia
303 4075 338 4137 in
362 4074 521 4138 hocloco
551 4074 701 4155 apparuit
728 4073 824 4138 flexio
848 4074 948 4151 radii,
971 4081 1119 4156 oportet,
1146 4083 1182 4141 ut
1202 4094 1278 4141 eum
