3278 5364
1281 584 1330 657 35·

303 696 377 759 disto
398 692 491 777 prius
512 683 645 776 propter
665 710 717 757 res
738 709 823 774 quae
843 691 994 758 videntur
1015 666 1048 783 st
1068 670 1241 760 moveatur
1268 688 1320 762 ss'·¹

259 804 408 868 eundum
430 804 670 887 oppositionem
691 803 803 879 visus,
829 822 916 867 uuus
938 822 976 868 ex
994 796 1181 870 visibilibus
1200 782 1321 883 radiis¹¹

258 914 414 980 videlieet
434 916 478 980 ab
501 917 562 996 (dp
588 914 657 992 13),
680 922 712 978 et
732 914 775 978 sit
795 932 815 980 a
836 932 936 997 super
957 921 1055 997 eaput
1075 916 1265 1007 pyramidis.
1288 916 1321 982 Si

260 1046 339 1111 ergo
366 1026 457 1091 risus
484 1026 582 1117 fuerit
607 1014 755 1102 stabilis,
778 1032 810 1091 et
836 1044 903 1090 non
929 1028 1130 1092 moveatur
1120 1046 1155 1092 ιιι
1177 1030 1324 1111 temporo

259 1118 440 1212 continuo,
463 1145 495 1202 et
516 1153 587 1202 rem
608 1136 784 1201 ridendam
804 1134 946 1201 visibilis
967 1136 1080 1202 radius
1106 1138 1323 1237 comprehen-¹

259 1248 377 1314 derit·
366 1267 402 1312 m
425 1253 547 1332 puncto
568 1250 598 1323 t,
618 1247 783 1312 videbitur
805 1246 918 1328 utique
939 1218 1077 1326 stabilis,
1099 1248 1181 1314 etsi
1201 1248 1236 1314 in
1256 1248 1321 1316 alio

258 1376 362 1442 quam
382 1360 418 1423 in
439 1366 560 1442 puncto
576 1360 603 1434 b,
626 1357 794 1442 apparebit
807 1358 944 1440 quidem·
955 1358 1124 1437 remotior,
1139 1374 1216 1424 oum
1231 1367 1320 1449 trap-

260 1470 354 1536 sierit
375 1469 416 1534 ad
435 1468 547 1535 looum
570 1474 658 1533 extra
678 1474 836 1552 punotum
857 1470 891 1546 b;
919 1469 1085 1534 ridebitur
1111 1477 1223 1536 autem
1244 1458 1320 1555 pro·

258 1578 435 1663 pinquior,
457 1596 534 1642 oum
555 1577 723 1643 transierit
743 1576 830 1642 inira
851 1584 1010 1661 puuctum
1032 1578 1057 1642 b.
1091 1577 1154 1643 Sed
1175 1596 1251 1644 oum
1273 1598 1324 1645 se-

258 1690 405 1755 cuudum
427 1688 669 1773 oppositionem
688 1687 854 1753 transierit
871 1689 961 1752 visus
980 1695 1018 1753 ut
1032 1689 1071 1755 ab
1090 1688 1202 1772 aadp
1223 1688 1322 1779 super

258 1801 383 1867 lineam
404 1802 465 1879 ob,
486 1807 518 1866 et
537 1799 707 1865 transierit
728 1804 870 1881 punctus
891 1801 913 1864 d
932 1799 974 1864 ad
995 1800 1031 1876 t,
1054 1804 1087 1865 et
1106 1817 1159 1865 res
1180 1780 1321 1866 ridenda

257 1911 360 1976 fuerit
379 1912 417 1988 d,
433 1913 468 1976 si
489 1910 582 1977 loeus
605 1927 671 1992 quo
691 1928 744 1974 res
764 1908 907 1976 videnda
926 1896 1110 1987 iuvenitur,
1132 1902 1232 1975 fuerit
1252 1908 1322 1988 ille,

258 2040 326 2104 quo
348 2021 440 2104 prius
462 2022 525 2086 iuit
544 2026 686 2104 punctus
708 2021 735 2097 b,
751 2004 918 2086 videbitur
936 2020 1049 2101 utique
1068 2019 1206 2098 stabilis,
1224 2027 1257 2086 et
1272 2039 1322 2086 ra·

259 2134 335 2197 dius
355 2135 401 2198 od
422 2140 509 2197 tanto
531 2140 679 2208 amotus,
702 2138 824 2213 quanto
845 2131 944 2196 risus·
957 2132 1149 2221 praecessit,
1167 2122 1322 2214 q'uod'ert

257 2264 320 2328 αις
341 2250 373 2310 et
393 2245 422 2309 si
442 2261 495 2309 res
515 2242 658 2308 videnda
682 2242 816 2307 inventa
840 2242 941 2308 fuerit
967 2238 1003 2306 in
1029 2238 1096 2308 a'lio
1122 2234 1194 2308 lo'oo
1221 2226 1320 2325 quam

258 2357 294 2420 iu
318 2340 352 2434 t',
373 2356 402 2420 si
424 2352 558 2437 quidem
578 2354 678 2419 brerit
697 2354 733 2417 in
756 2359 878 2436 puncto
900 2355 935 2431 d,
956 2353 1120 2419 ridebitur
1138 2354 1264 2441 moveri
1282 2336 1325 2420 ad

257 2465 351 2531 illam
372 2473 516 2550 partem,
539 2464 580 2529 ad
602 2482 702 2546 quam
724 2470 757 2529 et
776 2466 877 2543 visus,
891 2463 1021 2546 aequali
1035 2472 1136 2557 motu
1159 2464 1193 2529 Si
1209 2454 1319 2531 autem

257 2577 414 2644 fueritin
436 2575 547 2657 aliquo
569 2583 691 2658 puncto
712 2574 919 2658 praecedenti
939 2576 977 2652 d,
998 2574 1164 2641 videbitur
1175 2562 1320 2643 velocius

258 2687 385 2753 moveri
406 2686 448 2751 ad
465 2676 558 2751 iliam
575 2690 719 2768 partem3
737 2692 768 2751 et
783 2686 812 2750 si
826 2684 973 2759 fueritin
989 2682 1101 2767 aliquo
1114 2664 1189 2773 loeo
1203 2670 1321 2752 iuter'b¹

258 2806 293 2865 et
312 2786 347 2889 d,
368 2790 612 2863 movebitur'ad
633 2804 760 2881 partem
780 2794 873 2860 illam
894 2794 1038 2876 tardIus3
1061 2802 1093 2861 et
1113 2796 1141 2864 si
1164 2796 1264 2883 fuerit
1278 2788 1319 2862 'iu

257 2910 369 2994 aliquo
391 2910 431 2974 de
452 2906 688 2993 posterioribus
716 2906 851 2985 locist,
879 2908 1063 2974 movebitur
1088 2892 1129 2974 ad
1158 2888 1319 2975 diversam

258 3026 394 3106 partem,
558 2996 574 3019 ”

261 3120 274 3141 “
298 3134 424 3198 Rursus
441 3146 605 3216 ponamus
621 3128 713 3195 aliud
727 3127 912 3214 exemplum
926 3135 1060 3215 proptor
1073 3127 1200 3196 motum
1213 3129 1271 3214 qui
1283 3122 1321 3196 iit

259 3246 300 3310 ad
319 3243 438 3321 latera,
462 3249 495 3308 et
514 3243 737 3326 producantur
751 3260 771 3307 a
784 3241 861 3306 visu
882 3241 992 3324 piures
1005 3224 1091 3307 radii
1106 3239 1147 3307 ds
1162 3250 1284 3325 puncto
1299 3262 1320 3309 o

259 3358 320 3439 (ιιι.
344 3354 415 3433 14),
437 3338 495 3438 qui
517 3362 566 3419 est
587 3359 685 3439 oapu't
705 3346 909 3437 pyramidis,
935 3358 971 3417 ut
996 3353 1055 3431 ab,
1077 3370 1135 3435 op,
1156 3356 1216 3430 od,
1243 3354 1321 3420 siut·

259 3487 324 3552 que
356 3465 488 3532 stabiles
522 3473 553 3531 et
581 3483 648 3530 nou
679 3464 928 3530 transferantur.
954 3462 1033 3528 dum
1065 3481 1142 3549 ergo
1171 3481 1259 3530 uuus
1287 3460 1320 3531 'et
1374 3466 1376 3472 ’

259 3580 348 3665 idem
370 3577 470 3642 fuerit
493 3576 577 3640 situs
602 3555 845 3675 rei'rideudae3
867 3582 979 3661 utpote
1002 3592 1078 3640 oum
1099 3574 1199 3640 tuerit
1220 3578 1320 3659 super,¹

258 3709 317 3772 op,
340 3688 511 3781 apparebit
537 3686 682 3764 stabilis,
704 3693 737 3752 et
757 3686 786 3751 si
807 3684 902 3752 aliter
926 3687 1025 3752 fuerit
1048 3686 1132 3751 situs
1158 3687 1243 3764 eius,
1255 3668 1319 3752 'va-

259 3800 321 3865 luti
342 3818 419 3865 oum
441 3799 540 3864 fuerit
561 3816 660 3882 super
679 3800 725 3864 ad
751 3804 783 3862 et
805 3797 861 3874 ab,
882 3797 1012 3863 videtur
1030 3796 1165 3863 moveri.
1186 3797 1220 3862 Si
1239 3815 1318 3863 vero

258 3911 399 3976 visibilis
431 3910 575 4007 pyramis
606 3894 792 3974 morabitur
816 3906 903 3974 eirea
926 3915 1086 3993 punctum
1108 3906 1221 3992 eapitis
1239 3900 1319 3987 sui,

261 4022 320 4105 qui
343 4027 446 4098 esto,
469 4029 501 4086 et
526 4020 672 4086 arbitrati
694 4020 853 4115 fuerimus
875 4020 964 4115 quod
985 4016 1156 4084 distantiae
1178 4000 1319 4084 istorum

260 4132 442 4217 positorum
469 4132 639 4199 radiorum
668 4131 735 4197 sint
762 4126 916 4214 aequales
938 4120 1156 4208 asturicam,
1178 4124 1320 4214 siquod
