3278 5364
1296 510 1335 574 15

257 626 329 706 ipse
340 622 616 688 visibilissensus
627 623 675 699 fit,
686 622 708 702 [.
716 669 722 685 .
731 623 772 702 .?]
784 622 944 687 debemus
957 638 1030 687 eam
1042 636 1218 703 exponere,
1231 621 1339 686 dioen-

258 745 307 799 tes
322 737 415 817 prius
431 735 520 815 quod
536 735 651 797 omnia
666 751 752 813 quae
767 752 843 816 vere
859 739 918 796 aut
932 735 1039 813 primo
1051 733 1215 808 videntur,
1227 732 1337 796 viden·

257 850 312 909 tur
333 847 453 926 utique
471 862 532 925 per
546 844 736 925 passionem
758 861 844 923 quae
862 843 901 904 fit
917 840 953 906 in
970 844 1060 920 visu3
1083 842 1144 905 illa
1157 860 1237 907 vero
1252 859 1338 922 quae

257 938 410 1019 videmus
427 954 581 1033 sequenti
595 954 707 1029 modo,
720 954 875 1016 videntur
885 971 944 1035 per
958 953 1142 1017 accidentia
1155 972 1240 1034 quae
1256 954 1339 1016 acei-

260 1069 345 1130 dunt
362 1064 510 1144 passioni
527 1069 672 1141 tantum;
695 1081 760 1126 nee
773 1064 884 1144 passio
902 1069 935 1126 et
953 1064 1116 1139 accidens,
1132 1064 1223 1144 quod
1237 1063 1269 1127 ei
1285 1081 1337 1127 ae·

259 1175 351 1258 cidit,
372 1175 407 1236 in
431 1173 523 1237 omni
544 1173 620 1236 visu
636 1173 779 1236 existunt
793 1191 812 1236 a
827 1174 946 1237 virtute
960 1173 1110 1255 regitiva.
1126 1173 1191 1237 Neo
1209 1190 1284 1236 vere
1300 1172 1340 1234 tit

261 1267 325 1348 hoe
341 1302 379 1348 ex
393 1286 492 1348 rebus
504 1283 658 1346 ridendis
673 1288 813 1357 tantum,
824 1301 941 1346 verum
956 1284 1058 1346 etiam
1073 1301 1133 1364 per
1142 1281 1339 1347 relationem

261 1403 294 1458 et
306 1395 596 1458 ratiocinationem
611 1394 700 1457 inter
713 1392 788 1455 illas
803 1395 934 1469 laetam,
957 1399 991 1456 et
1011 1393 1047 1455 id
1069 1394 1158 1473 quod
1180 1394 1339 1456 dividitur

262 1512 294 1568 et
314 1488 462 1585 procedit
482 1521 502 1566 a
523 1504 645 1567 virtute
667 1491 817 1584 regitiva3
840 1521 901 1566 nee
923 1510 1058 1584 propter
1077 1503 1138 1566 has
1161 1502 1339 1568 relationes

262 1618 392 1677 tantum
411 1612 629 1694 intelligimus
645 1630 916 1694 unamquamque
931 1614 1127 1695 passionum
1142 1618 1174 1676 et
1188 1613 1339 1677 auoiden·

260 1725 361 1798 tium,
384 1723 443 1787 sed
461 1724 694 1786 etseeundum
716 1723 971 1788 sensibilitatem
993 1724 1214 1798 moderatam,
1237 1741 1339 1803 quam

259 1833 361 1897 sentit
375 1833 577 1914 principium
588 1833 629 1896 da
640 1833 742 1896 rebus
757 1834 929 1913 subtantia
945 1835 1034 1914 quod
1048 1834 1339 1909 demonstrabitur,

260 1960 339 2008 eum
355 1931 574 2007 'diviserimus
595 1943 681 2006 illud
702 1943 738 2005 in
761 1943 902 2025 singulis
925 1945 1025 2008 rebus
1048 1961 1133 2023 quae
1150 1944 1317 2008 videntur.

305 2057 350 2118 lla
370 2054 425 2117 his
445 2055 559 2133 itaque
577 2070 662 2133 quae
677 2053 941 2135 praeposuimus,
955 2055 1108 2117 videmus
1125 2051 1340 2134 unumquod-

262 2183 327 2246 que
343 2164 535 2228 luoidomm
552 2171 585 2228 et
598 2163 750 2228 solorum
765 2182 825 2246 per
841 2165 1032 2245 passionem
1047 2182 1133 2244 quae
1148 2165 1187 2227 tlt
1200 2165 1237 2228 in
1251 2166 1341 2242 risu3

261 2281 371 2339 estere
390 2292 481 2349 vero,
503 2291 589 2354 quae
611 2276 791 2354 sequenter
811 2274 977 2350 videntur,
998 2276 1150 2338 videmus
1177 2292 1237 2356 per
1257 2275 1342 2339 aoei-

263 2384 386 2460 dentia,
408 2402 495 2466 quae
515 2384 569 2446 illi
591 2385 753 2448 assidunt.
776 2384 889 2448 Passio
905 2384 1042 2464 quidem
1057 2402 1142 2466 quae
1154 2386 1189 2447 in
1203 2385 1279 2448 visu
1293 2385 1341 2459 fit,

262 2502 313 2560 est
326 2495 529 2558 illuminatio
546 2500 604 2558 aut
618 2493 788 2558 coloratio.
806 2494 1013 2558 illuminatio
1029 2502 1141 2559 autem
1158 2495 1229 2559 sola
1243 2496 1279 2557 in
1294 2495 1343 2558 lu·

262 2605 412 2669 minibus
435 2610 486 2668 est
509 2604 673 2686 quaedam
696 2605 737 2667 de
758 2604 1075 2684 superabundantiis
1092 2603 1342 2681 habitudinum,

263 2720 300 2787 et
310 2715 388 2778 ideo
401 2720 501 2779 noost
514 2703 551 2779 et
562 2713 668 2778 laedit
681 2731 830 2778 sensum.
846 2696 1041 2796 Fitquoque
1052 2708 1253 2780 illuminatio
1264 2733 1342 2778 eum

263 2823 469 2889 eoloratlone
488 2825 525 2887 in
546 2825 647 2889 rebus
661 2873 668 2899 ,
680 2834 683 2839 '
697 2825 734 2889 in
756 2825 879 2905 quibus
900 2824 1016 2888 lnmen
1039 2825 1158 2888 inuidit
1186 2825 1342 2901 aliunde;

260 2935 374 2999 lumen
396 2952 531 3015 quoque
545 2941 585 3001 ³et
606 2926 699 2998 oolor
719 2934 808 2998 flunt
827 2935 870 2997 ad
891 2935 1035 2998 invieem
1056 2935 1190 2999 habitus
1210 2943 1342 3016 propter

264 3045 564 3128 transgressionem
587 3044 724 3109 alterius
746 3045 788 3108 ad
810 3045 956 3125 speeiem
977 3044 1137 3121 alterius,
1161 3063 1238 3110 oum
1260 3044 1344 3108 luei-

262 3155 347 3218 dum
367 3156 411 3217 sit
432 3170 539 3234 genus
560 3171 692 3249 eorum,
715 3160 748 3217 et
764 3154 867 3230 eolor,
884 3172 961 3219 oum
976 3153 1092 3218 lumen
1108 3154 1340 3235 ineiditsuper

263 3282 362 3340 eum,
385 3264 425 3327 fit
444 3263 615 3342 lucidum
644 3263 760 3328 lumen
782 3280 858 3329 vero
882 3265 1171 3341 oumeoloratur,
1194 3271 1344 3329 mutatur

264 3366 452 3449 manifeste.
486 3366 586 3438 Visus
616 3380 728 3438 autem
756 3392 823 3439 non
853 3376 892 3437 flt
912 3374 1058 3456 qualitas
1079 3375 1180 3445 alieui
1203 3394 1343 3456 eorum3

264 3491 392 3566 oportet
412 3484 502 3548 enim
524 3491 562 3548 ut
583 3501 702 3549 sensus
724 3485 951 3567 perspicabilis
974 3480 1044 3550 no'n
1065 3486 1186 3550 habeat
1207 3486 1345 3568 qualita-

264 3600 348 3670 tem,
369 3595 431 3663 sed
450 3595 494 3657 sit
507 3612 617 3675 ..purus
640 3588 675 3658 et
694 3594 856 3676 suseipiat
876 3595 1071 3676 qualitatem
1087 3597 1136 3660 ab
1157 3597 1246 3672 illis,
1266 3614 1345 3676 quo·

268 3699 358 3768 niam
380 3705 556 3786 participat
576 3704 625 3769 eis
648 3711 681 3769 et
694 3704 730 3767 in
745 3722 884 3786 ganere;
908 3713 1020 3771 tamen
1041 3708 1182 3789 suscipit
1194 3707 1347 3771 mutatio·

266 3832 343 3878 nem
364 3814 572 3877 habitudinis
594 3815 636 3878 ab
657 3815 712 3879 bis
736 3814 893 3880 omnibus
916 3817 1128 3899 simpliciter,
1150 3823 1183 3880 et
1197 3817 1261 3881 hoo
1274 3834 1343 3881 non

266 3939 395 4004 semper
414 3930 467 3988 ost
486 3923 653 4001 sensibile,
675 3925 737 3988 sed
758 3928 891 4006 qnando
915 3927 1086 4008 quantitas
1100 3926 1267 4007 passionis
1284 3926 1345 3991 ha·

268 4033 324 4098 bet
343 4033 540 4100 sensibilem
562 4035 782 4115 quantitatem
800 4037 843 4101 ad
862 4036 897 4100 id
912 4032 1002 4119 quod
1016 4034 1176 4107 dividitur
1190 4036 1344 4108 avirtute
