3278 5364
330 518 368 580 56

371 629 544 692 Sciendum
559 638 667 690 autem
683 636 742 701 est,
759 628 845 708 quod
863 628 896 689 in
912 627 1067 691 omnibus
1083 627 1392 707 imaginationibus,

329 754 412 816 quae
429 739 516 801 liunt
534 756 570 801 ex
588 737 838 801 ratiocinatione
856 737 1024 801 habitudo
1042 755 1143 801 sensu
1158 744 1191 802 et
1203 739 1392 801 considera·

329 849 417 912 tione
440 848 527 922 eius,
549 848 634 911 liunt
655 847 688 909 in
712 866 779 911 una
795 857 826 910 et
841 848 955 911 eadem
973 865 1007 910 re
1025 846 1119 927 plura
1136 846 1176 910 de
1197 848 1390 911 accidentiis

328 975 412 1036 quae
428 958 598 1036 videntum
621 957 679 1020 illa
692 975 769 1020 vero
785 975 870 1037 quae
893 975 959 1020 non
981 957 1171 1021 iudicantur
1193 975 1254 1037 per
1272 976 1328 1032 se,
1349 958 1394 1021 la·

326 1068 418 1130 ciunt
434 1068 470 1130 in
486 1067 540 1130 his
557 1084 642 1147 quac
660 1067 856 1141 iudicantur,
875 1066 1147 1146 imaginationem
1163 1066 1293 1143 falsam,
1309 1085 1392 1148 quo·

327 1177 417 1241 niam
432 1196 500 1240 non
513 1184 564 1241 est
574 1177 855 1252 necessarium,ut
864 1176 926 1240 iste
939 1176 1058 1239 modus
1074 1160 1393 1258 comprehensionis,

327 1287 385 1366 qui
395 1285 443 1349 ite
452 1287 500 1361 fit,
513 1304 643 1367 semper
653 1286 711 1349 flat
720 1287 757 1349 in
768 1286 939 1366 speciebus
950 1285 1109 1360 fallaciae,
1119 1303 1202 1367 quas
1212 1286 1393 1349 dindimus

326 1399 360 1458 in
378 1395 519 1476 singulis
534 1398 644 1471 rebus,
660 1397 718 1460 sed
731 1395 789 1459 fist
802 1413 878 1459 cum
891 1395 1145 1490 comprehensio
1161 1413 1276 1459 rerum
1293 1398 1392 1459 ratio-

326 1506 542 1571 cinandorum
558 1526 627 1571 non
645 1506 744 1571 luerit
759 1507 947 1581 manifesta,
964 1507 1023 1569 sed
1039 1507 1207 1573 obtinetur
1224 1524 1286 1587 per
1301 1506 1393 1571 dine-

329 1616 450 1678 rentias
477 1633 588 1680 rernm
615 1634 683 1679 non
710 1616 1012 1681 ratiocinandarum
1038 1633 1101 1679 nec
1122 1615 1392 1679 convenientium

329 1726 388 1800 eis,
409 1726 495 1789 sicut
516 1726 635 1789 accidit
655 1726 691 1789 in
712 1725 906 1790 differentiis
927 1725 1101 1789 habituum
1116 1726 1219 1801 visus,
1233 1743 1392 1807 perqnos

326 1836 490 1900 iudicatur
510 1837 550 1900 de
572 1837 638 1899 situ
659 1843 717 1899 sut
737 1842 832 1900 motu
857 1842 915 1899 aut
935 1835 1163 1915 magnitudine
1184 1842 1242 1899 ant
1262 1835 1393 1916 ligura,

328 1962 404 2008 cum
426 1945 627 2009 sensibiliter
648 1964 706 2026 per
727 1964 763 2009 se
783 1965 852 2009 non
873 1945 1206 2025 comprehendantur,
1224 1952 1261 2009 et
1277 1963 1318 2009 ea
1334 1963 1392 2026 per

328 2075 413 2138 quae
430 2057 596 2121 iudicatur
613 2057 653 2120 de
670 2056 835 2120 coloribus
852 2057 998 2136 ipsarum
1016 2074 1127 2121 rerum
1145 2056 1272 2121 fuerim
1283 2057 1390 2123 meni·

327 2166 470 2230 festiora.
486 2167 521 2229 Si
534 2186 611 2230 vero
623 2168 825 2231 videbuntur
838 2185 858 2230 a
873 2167 1060 2247 propinquo
1072 2166 1156 2241 loco,
1171 2173 1205 2231 et
1218 2167 1389 2233 subiectae

329 2294 382 2339 res
405 2275 583 2338 habuerint
604 2276 757 2356 aequales
778 2276 949 2339 distantias
963 2284 996 2340 et
1010 2276 1163 2355 aequalia
1182 2294 1332 2358 corpora,
1344 2276 1390 2339 ri·

327 2402 384 2447 sus
406 2403 474 2448 nou
496 2385 671 2448 arbitratur
692 2384 781 2464 quod
805 2383 966 2457 lucidiora
990 2386 1056 2449 sint
1080 2384 1317 2467 propinquiora
1337 2393 1393 2449 sut

326 2493 472 2569 minora,
495 2512 558 2558 nec
578 2495 676 2558 etiam
696 2502 790 2575 putat
810 2495 850 2558 de
872 2495 1068 2574 quibusdam
1090 2495 1200 2577 planis
1222 2513 1310 2577 qnae
1324 2495 1389 2559 sint

328 2603 518 2677 eminentia,
534 2610 566 2668 et
580 2606 620 2668 de
638 2604 833 2684 quibusdam
852 2622 936 2685 quae
956 2605 1024 2669 sint
1039 2621 1181 2669 concava
1197 2623 1239 2669 ex
1256 2604 1388 2671 diversi·

327 2713 445 2776 tatibus
459 2713 617 2786 colorum,
631 2731 692 2777 nec
708 2721 799 2795 putat
812 2714 852 2779 de
868 2731 954 2793 aqua
967 2714 1100 2790 fluente,
1109 2699 1199 2794 quse
1210 2714 1389 2779 nonhabet

330 2823 448 2898 undas,
470 2823 559 2902 quod
578 2822 623 2885 sit
644 2823 783 2897 stabilis,
803 2842 866 2888 nec
888 2824 928 2888 de
948 2825 1031 2888 facie
1052 2824 1208 2904 imaginis
1229 2824 1322 2905 qnod
1341 2842 1391 2889 re-

327 2931 444 3012 spiciat
458 2950 547 3007 eum,
560 2933 753 3014 respiciente
768 2933 872 2997 illam.
884 2933 988 2997 Huius
1003 2933 1103 3014 igitur
1113 2941 1288 3010 causa-est,
1300 2934 1389 3017 quod

326 3042 427 3117 visus,
438 3043 702 3124 perpessionem,
715 3060 799 3124 quae
814 3043 846 3108 ei
862 3051 910 3107 est
923 3044 1065 3125 propria,
1075 3050 1181 3124 potest
1192 3060 1389 3124 cognoscere

327 3138 532 3217 diversitai'es
553 3151 702 3216 colorum
723 3171 744 3216 a
764 3153 883 3216 maiori
911 3154 1082 3226 distentia.
1103 3153 1163 3218 sed
1188 3154 1391 3223 diversitates

327 3262 533 3344 reliquarum
554 3280 666 3326 rerum
687 3279 771 3342 quae
793 3263 954 3338 videntur,
976 3263 1055 3342 quia
1076 3270 1321 3342 cognoscuntur
1333 3282 1390 3347 per

329 3373 528 3446 accidentia,
562 3390 644 3452 quae
673 3371 819 3453 passioni
848 3372 1017 3448 accidunt,
1049 3379 1292 3452 cognoscuntur
1317 3390 1391 3439 cum

328 3498 429 3561 prope
450 3482 572 3545 fuerint
594 3489 627 3546 et
648 3501 715 3545 non
736 3484 1055 3564 quomodocumque,
1073 3483 1233 3562 quoniam
1253 3484 1292 3547 in
1311 3500 1391 3549 una

328 3606 458 3670 quaque
479 3608 594 3654 earum
615 3591 768 3655 convenit
787 3592 950 3667 accidens,
972 3594 1065 3681 quod·
1082 3594 1120 3656 fit
1139 3593 1176 3657 in
1194 3593 1268 3659 besi
1282 3594 1390 3659 radio-

328 3717 404 3763 rum
418 3717 494 3763 cum
506 3701 732 3779 magnitudine
746 3700 971 3782 longitudinis,
986 3720 1070 3783 quae
1084 3710 1133 3766 est
1147 3703 1313 3769 distantia.
1327 3705 1390 3771 Isto

329 3816 440 3874 autem
462 3819 656 3884 conventus,
678 3828 755 3874 cum
778 3829 844 3875 uon
869 3812 968 3876 fuerit
995 3813 1185 3879 moderatus
1211 3814 1249 3877 in
1275 3830 1391 3888 senui,

328 3919 405 3984 iacit
425 3919 755 4002 comprehensionem
776 3921 1044 4009 considerationis
1064 3923 1300 4004 imperfectam.
1317 3924 1393 3991 sen-

328 4047 383 4091 sus
401 4047 481 4110 ergo
504 4048 578 4094 oum
601 4050 669 4094 non
690 4032 808 4111 poterit
825 4018 934 4096 vidsle
955 4033 1136 4097 subiectam
1152 4050 1223 4098 rem
1238 4051 1278 4099 eo
1293 4035 1389 4099 modo
