3278 5364
266 551 305 613 oi

264 661 464 742 apparebunt
484 678 583 742 super
605 678 705 723 unam
723 659 846 724 lineam
863 667 996 737 rectam,
1013 661 1103 742 ipsae
1121 669 1155 725 et
1172 679 1226 727 ree
1239 680 1324 742 quae

264 777 354 835 extra
373 771 523 834 videntur
543 789 629 834 vere.
653 773 696 834 Ex
708 769 762 833 his
776 771 921 850 utrisque
937 790 990 834 res
1006 772 1146 836 videnda
1161 771 1258 836 debet
1271 791 1326 852 ap·

263 899 375 960 parere
397 883 433 944 in
455 881 590 962 speculo
610 882 647 944 in
669 880 742 946 loco
759 881 883 962 puncti,
900 899 967 962 quo
984 882 1170 961 iunguntur
1182 883 1325 946 visibilis

262 991 374 1055 radius
395 997 429 1056 et
449 989 745 1072 perpendicularis,
767 1008 851 1071 qnae
873 993 958 1055 cadit
979 1009 1050 1055 are
1066 992 1210 1056 videnda
1225 1011 1325 1072 super

264 1101 449 1182 speculum3
471 1102 572 1165 situm
594 1118 725 1183 quoque
748 1101 989 1182 praedictarum
1010 1101 1174 1167 linearum
1197 1120 1271 1167 esse
1287 1102 1324 1164 in

263 1212 379 1275 eadem
393 1212 577 1293 superficie,
592 1228 667 1274 cum
683 1211 785 1276 altera
800 1211 894 1275 alteri
909 1211 1028 1287 obviet,
1043 1218 1074 1276 et
1087 1212 1196 1293 ipsam
1209 1229 1324 1293 super·

262 1321 372 1386 ficiem
394 1322 435 1384 ad
455 1328 560 1386 rectos
581 1321 738 1402 angulos,
755 1321 912 1401 quoniam
931 1320 1034 1385 altera
1051 1339 1166 1385 esrum
1184 1328 1236 1385 est
1252 1339 1324 1402 per·

262 1430 485 1516 pandiculeris
495 1429 732 1512 superspeculi
743 1431 961 1511 superficiem,
970 1430 1173 1527 etvisibilem
1183 1415 1324 1506 radium,

263 1556 340 1604 cnm
354 1541 396 1603 ad
410 1558 481 1604 rem
495 1534 681 1604 videndam'
690 1541 847 1604 refractus
860 1541 975 1615 luerit,
989 1556 1062 1605 esse
1076 1542 1113 1603 in
1127 1541 1200 1621 ipsa
1214 1559 1324 1623 super·

262 1650 337 1715 ficis
357 1667 458 1730 quam
480 1651 632 1726 diximus,
654 1658 686 1714 st
707 1650 1024 1731 perpendicularem,
1040 1667 1126 1730 quas
1142 1650 1325 1730 procedite

209 1839 218 1857 .
262 1766 382 1842 puncto
403 1760 676 1824 reverberationis
697 1777 797 1841 snper
813 1759 940 1841 speculi
956 1760 1177 1841 superficiem,
1191 1778 1265 1824 esse
1280 1759 1325 1823 di·

263 1869 472 1934 stinctionem
493 1887 706 1934 communem
728 1870 882 1934 omnibus
903 1870 1143 1951 superficiebus
1168 1871 1324 1946 diversis,
1425 1896 1428 1901 ·

263 1998 347 2061 quae
374 1980 460 2043 llunt
486 1996 588 2061 penes
618 1981 916 2045 reverberationem
936 1980 1123 2045 visibilium
1142 1982 1323 2045 radiorum.

260 2090 309 2157 llit
324 2090 423 2152 etiam
440 2089 543 2153 simili
561 2091 671 2166 modo,
689 2107 766 2153 cum
782 2090 884 2154 fuerit
901 2091 985 2154 situs
999 2090 1173 2155 oculorum
1185 2090 1236 2155 sie
1248 2107 1323 2156 cona

261 2199 409 2274 stitutus,
425 2207 463 2263 nt
479 2199 563 2263 alter
576 2201 687 2264 videat
704 2200 844 2264 alterum
860 2201 897 2263 in
915 2201 1031 2264 eodem
1048 2208 1218 2281 tempore,
1235 2203 1323 2282 quod

265 2309 300 2372 lit
320 2325 397 2372 oum
420 2327 458 2372 er
480 2309 628 2390 utrisque
650 2308 804 2372 insimul
821 2309 911 2373 visus
930 2311 1086 2374 ceciderit
1101 2328 1203 2391 super
1217 2329 1322 2375 unum

263 2424 296 2483 et
312 2418 455 2483 eundem
471 2425 632 2500 punctum
649 2419 691 2482 de
706 2418 785 2494 illis,
803 2419 863 2500 qui
879 2420 1005 2482 suntin
1018 2419 1166 2501 speculo.
1186 2421 1323 2495 Quodsi

261 2531 307 2593 ita
326 2548 394 2593 non
416 2529 469 2604 fit,
490 2529 608 2592 accidit
628 2528 760 2592 nullum
780 2546 897 2592 eornm
910 2529 1022 2594 videre
1038 2529 1194 2606 alterum,
1213 2539 1247 2596 et
1259 2531 1321 2595 hoc

260 2640 423 2719 significat
444 2640 532 2719 quod
553 2639 637 2701 radii
657 2639 747 2701 visus
762 2639 893 2704 refracti
907 2639 975 2702 sint
991 2640 1032 2704 ad
1046 2640 1199 2705 invicem.
1213 2642 1257 2705 bx
1270 2640 1321 2707 nis

258 2766 391 2830 quoqne
411 2755 514 2830 patet,
535 2750 625 2829 quod
645 2749 866 2814 reverberatio
893 2748 930 2812 fit
958 2750 999 2813 ad
1027 2757 1133 2815 rectos
1161 2751 1319 2833 angulum

258 2856 398 2939 angulus
419 2858 509 2921 enim
531 2859 593 2922 erit
613 2877 701 2922 unus
723 2867 755 2923 et
775 2860 864 2922 idem
886 2865 1018 2941 propter
1037 2877 1152 2924 casum
1180 2861 1316 2927 altemm

261 2969 402 3035 duorum
429 2969 597 3032 radiorum
627 2987 727 3049 super
754 2968 945 3050 speculum,
967 2977 1000 3034 et
1023 2970 1320 3036 reverberationem

260 3079 394 3143 alterius
419 3079 503 3142 radii
530 3097 549 3142 a
575 3079 720 3161 speculo.
751 3079 785 3142 si
813 3098 890 3144 vero
916 3081 1136 3160 posuerimus·
1153 3079 1230 3145 illos
1251 3100 1321 3147 esse

259 3178 450 3270 inaequales
478 3190 514 3252 in
543 3198 680 3270 utraque
708 3197 815 3271 parte,
837 3206 972 3254 necesse
992 3196 1043 3253 est
1062 3189 1137 3254 fleri
1156 3191 1199 3255 ab
1216 3191 1321 3257 altero

260 3300 433 3364 oculorum
461 3299 592 3364 radium
620 3299 771 3365 obviante
799 3299 985 3382 superficiei
1011 3299 1139 3381 speculi
1160 3301 1320 3383 angulum

259 3411 420 3485 maiorem
441 3409 516 3486 illo,
538 3410 596 3490 qui
619 3411 656 3473 tlt
677 3428 715 3474 er
732 3409 824 3474 radio
843 3417 915 3490 post
931 3409 1232 3476 reverberationem
1247 3414 1325 3477 eius

260 3538 280 3582 a
301 3518 448 3598 speculo,
469 3519 505 3581 in
529 3518 632 3584 altero
649 3527 758 3583 autem
780 3519 877 3584 oculo
899 3519 974 3583 fieri
994 3538 1012 3584 e
1033 3530 1205 3596 converso,
1218 3578 1221 3583 .
1235 3522 1321 3588 vide·

259 3629 335 3693 lieet
346 3634 382 3692 ut
394 3628 533 3709 angulus
546 3630 630 3693 radii
642 3636 715 3711 post
727 3631 1022 3695 reverberationem
1032 3631 1069 3695 fit
1079 3631 1188 3695 maior
1199 3631 1319 3715 angulo
1388 3676 1392 3685 -

262 3738 397 3802 alterius
418 3739 518 3815 radii,
541 3741 600 3819 qui
621 3740 706 3803 cadit
727 3757 827 3821 super
848 3741 1030 3822 speculum.

217 3918 223 3933 ,
302 3850 370 3913 Hoc
398 3856 509 3912 autem
537 3849 742 3913 manifestius
765 3852 826 3914 erit
848 3858 879 3914 et
900 3852 987 3915 visui
1007 3853 1152 3933 patebit,
1180 3854 1319 3917 certum·

261 3977 324 4038 que
353 3943 544 4023 ostendetur
572 3961 649 4024 iude
680 3963 767 4041 quod
791 3962 932 4025 diximus
954 3980 1013 4043 per
1033 3963 1096 4026 hoe
1119 3964 1321 4045 experimen·

263 4075 342 4132 tum.
366 4070 583 4135 Constituatur
605 4071 719 4152 planca
740 4074 881 4136 rotunda
903 4073 1319 4154 uthsecltip.15l,cuius
