3278 5364
329 533 369 597 34

329 651 419 720 terat,
440 642 661 708 minutionem
682 658 769 715 vero,
790 656 867 705 cum
887 640 988 705 inerit
1003 640 1124 705 minor.
1142 640 1250 705 Sentit
1263 658 1395 723 quoqne

328 754 546 819 mutationem
568 754 704 833 figurae,
726 769 804 816 cum
826 751 933 831 figura
949 752 999 816 rei
1013 752 1200 833 apparentis
1221 754 1398 817 mutaverit

329 865 538 947 superficiem
566 864 654 927 basis
682 863 865 927 visibilium
893 862 1063 926 radiorum
1085 863 1278 927 cadentium
1299 881 1398 945 super

329 994 429 1040 unam
452 983 484 1040 et
505 976 643 1040 eandem
665 991 751 1050 rern3
772 981 805 1038 et
825 974 924 1038 sentit
940 974 1161 1037 mutationem
1174 973 1307 1049 eoloris,
1321 990 1396 1037 cum

329 1087 421 1151 color
436 1087 494 1167 qui
508 1104 547 1149 er
561 1103 630 1149 uno
651 1092 684 1148 et
705 1085 822 1149 eodem
843 1102 980 1167 corpore
1002 1084 1120 1147 accidit
1138 1084 1238 1159 visui,
1255 1084 1399 1149 mutabi-

329 1207 398 1273 tur,
421 1205 453 1262 et
474 1198 563 1261 visus
584 1196 768 1278 susceperit
789 1196 888 1259 aliam
910 1196 1100 1276 passionem
1121 1195 1397 1277 depressionibus

329 1308 479 1373 colorum
500 1306 531 1372 ei
553 1307 776 1401 accidentium
797 1324 817 1371 a
837 1306 985 1371 subiecta
1004 1324 1052 1370 re.

372 1418 501 1499 Species
530 1425 640 1482 autem
668 1416 897 1483 sensibilitatis
918 1417 958 1482 de
981 1423 1075 1480 motu
1100 1415 1330 1482 translationis
1348 1416 1400 1481 in-

333 1529 420 1609 diget
433 1527 629 1619 ¹particulari
652 1528 873 1603 distinctione,
894 1516 1193 1591 ut'demonstretnr
1212 1526 1325 1608 qualis
1346 1529 1399 1602 sit,

333 1647 368 1704 et
394 1644 609 1720 cognoscatur
635 1638 766 1702 habitus
791 1638 863 1701 eius
886 1638 921 1701 in
943 1638 1135 1701 mutatione.
1169 1639 1275 1703 danea
1299 1638 1400 1721 igitur

330 1749 463 1814 videndi
485 1768 534 1823 ea,
556 1766 641 1831 qnae
662 1750 702 1813 do
723 1748 776 1812 bis
798 1755 955 1830 apparent
975 1747 1213 1829 principaliter,
1233 1749 1348 1815 existit
1362 1748 1398 1813 in

332 1863 402 1942 ipso
430 1861 523 1940 risu3
553 1860 817 1941 unumquodque
840 1860 931 1924 enim
953 1858 1081 1924 videtur
1100 1858 1241 1935 stabile,
1264 1862 1398 1943 quando

331 1972 516 2053 principio,
543 1971 580 2035 in
608 1988 674 2051 quo
697 1978 746 2035 est
766 1970 879 2046 visus,
900 1988 968 2033 non
990 1970 1108 2035 accidit
1129 1968 1301 2035 mandatio
1324 1988 1399 2036 sen·

331 2082 439 2147 sibilis
459 2082 495 2145 in
517 2090 664 2164 tempore
692 2082 871 2161 continuo,
894 2088 927 2147 et
949 2082 1111 2147 terminus
1132 2082 1235 2147 unius
1257 2090 1292 2147 et
1312 2083 1397 2147 eius-

333 2195 409 2257 dem
431 2193 516 2257 radii
537 2193 787 2275 comprehendit
808 2192 849 2257 de
869 2193 1018 2257 subiecta
1032 2210 1068 2258 re
1082 2198 1186 2257 n'nam
1201 2199 1235 2258 et
1249 2196 1398 2259 eamdem

333 2311 458 2385 partem
480 2305 514 2366 in
537 2321 656 2377 sensu,
679 2313 736 2367 aut
756 2321 831 2368 oum
846 2304 1000 2368 acciderit
1012 2305 1048 2367 in
1061 2304 1102 2369 eo
1116 2303 1285 2384 quaelibet
1298 2311 1399 2369 bans

332 2414 427 2489 latio,
449 2420 482 2478 et
503 2414 671 2495 apparebit
691 2415 871 2489 scrutanti,
893 2414 982 2494 quod
1003 2416 1204 2496 quantitates
1225 2415 1399 2481 disectae

334 2525 518 2600 radiorum,
541 2525 662 2604 quibus
684 2543 736 2589 res
759 2524 898 2599 videtur,
920 2525 1043 2617 inerint
1059 2523 1217 2607 aequales
1231 2524 1268 2589 in
1281 2542 1399 2606 aequa·

333 2634 421 2698 libus
448 2633 665 2715 temporibns;
696 2652 761 2697 non
788 2635 998 2715 cognoscitur
1018 2635 1097 2700 inde
1118 2642 1228 2700 motus
1249 2640 1284 2701 et
1304 2636 1398 2717 quies

333 2728 440 2820 visus,
461 2761 524 2808 nec
544 2745 712 2824 quantitas
734 2763 850 2810 eorum
872 2745 1076 2826 pervisum,
1099 2746 1158 2810 sed
1179 2764 1397 2827 percensum

335 2861 460 2930 tactus,
482 2856 540 2935 qni
562 2857 712 2936 pervenit
733 2857 775 2919 ad
795 2856 949 2920 virtutem
970 2850 1162 2937 regitivam,
1185 2856 1399 2939 quemadmo-

334 2967 414 3029 dum
442 2984 510 3031 non
539 2967 761 3047 dignoscimus
790 2974 918 3031 motum
946 2984 1106 3032 manuum
1128 2974 1320 3033 nostrarum
1342 2986 1398 3051 per

333 3077 459 3151 risum,
480 3094 557 3141 cum
580 3077 668 3140 oculi
690 3078 811 3141 inerint
832 3077 944 3153 clausi,
959 3078 1017 3141 sed
1032 3095 1089 3158 per
1103 3078 1396 3155 continuationem,

334 3204 418 3268 quae
449 3188 490 3251 ad
519 3188 679 3261 virtutem¹
706 3188 876 3269 regitivam
908 3189 1066 3269 pervenit,
1100 3190 1257 3254 Videmus
1288 3198 1397 3255 autem

334 3299 517 3379 quamlibet
537 3317 608 3363 rem
629 3298 806 3362 videndam
828 3299 967 3374 moveri,
989 3305 1045 3364 aut
1066 3316 1142 3364 cum
1162 3300 1255 3365 visus
1272 3286 1399 3367 steterit

333 3409 459 3473 stabilis
480 3411 515 3472 in
537 3410 660 3474 minori
681 3408 891 3473 sensibilium
913 3416 1119 3491 temporum,
1141 3416 1174 3474 et
1194 3414 1335 3477 mutatio
1355 3413 1398 3475 vi·

246 3568 249 3573 .
336 3519 443 3583 sibilis
469 3520 555 3583 radii
585 3520 734 3601 quolibet
760 3520 860 3583 modo
887 3521 987 3585 fuerit
1017 3522 1207 3598 sensibilis,
1237 3530 1296 3587 aut
1323 3540 1398 3587 curn

334 3630 425 3693 visus
454 3624 617 3693 transiens
646 3648 712 3693 non
741 3631 912 3711 reliquerit
938 3648 1010 3696 rem
1035 3633 1210 3696 videndam
1233 3634 1275 3698 ad
1297 3641 1399 3715 poste·

334 3742 438 3804 riores
459 3740 570 3804 radios
596 3740 776 3819 quantitate
804 3741 933 3821 aequali
956 3730 1141 3823 praedictae
1166 3744 1343 3824 quantitati
1363 3744 1397 3807 in

335 3851 538 3953 temporibus
570 3850 772 3932 aequalibus.
805 3853 892 3917 biset
917 3871 1049 3934 quoque
1077 3853 1175 3918 nobis
1201 3872 1397 3935 cognoscere

336 3963 561 4027 distinctiones
584 3980 699 4027 eorum
722 3981 808 4045 quae
830 3964 971 4028 diximus
993 3965 1034 4028 de
1054 3969 1148 4028 motu
1170 3971 1203 4029 et
1223 3966 1337 4047 quieto
1353 3964 1398 4029 vi·

335 4074 442 4140 sibilis
456 4076 540 4141 radii
555 4094 614 4157 per
627 4075 887 4143 manifestiorem
899 4079 1042 4159 praefato
1055 4078 1205 4154 modum,
1216 4079 1398 4145 secandum

337 4186 425 4268 quod
447 4187 625 4269 exposituri
645 4205 774 4253 sumus.
