3278 5364
1281 570 1315 632 51

262 687 410 743 scotoma
432 686 463 742 et
484 678 723 752 tenebrositate,
746 694 828 756 quae
847 677 993 741 ascendit
1006 679 1046 741 ad
1061 677 1208 753 oculum3
1224 695 1319 740 casus
1357 648 1363 658 ⁹

262 792 350 854 enim
372 789 456 852 radii
478 807 578 869 super
593 806 663 856 rem
677 789 849 851 videndam
866 787 1012 867 sequitur
1027 795 1153 849 motum
1168 787 1319 868 principii

261 901 351 962 'visus
364 899 466 962 amoti
476 917 496 962 a
506 899 695 972 directione,
705 906 737 961 et
748 916 863 960 sensus
875 915 942 960 non
951 896 1199 977 comprehendit
1209 897 1323 959 buius·

259 1010 351 1073 modi
372 1008 562 1072 motionem.
585 1008 791 1070 Existimetur
811 1025 887 1087 ergo
910 1007 998 1087 quod
1012 994 1120 1081 risus,
1134 1008 1190 1086 qui
1205 1007 1322 1069 incidit

258 1137 361 1200 super
373 1136 475 1181 unam
487 1136 556 1180 rem
570 1124 641 1198 post
654 1117 800 1192 alteram,
810 1123 989 1179 moveatur.
1003 1118 1122 1179 Forsan
1135 1116 1319 1202 aintemqhoo

259 1230 411 1293 assidens
425 1229 465 1295 fit
480 1244 518 1291 ex
534 1227 780 1290 continuatione
798 1244 873 1289 oum
892 1227 1001 1300 rebus,
1021 1244 1104 1306 quas
1120 1225 1211 1289 visus
1226 1244 1321 1307 pene-

259 1345 333 1412 trat,
345 1344 382 1400 ut
392 1338 509 1403 accidit
522 1338 557 1398 in
573 1354 612 1400 eo
628 1338 716 1416 quod
729 1337 859 1399 videtur
871 1336 907 1397 in
923 1336 1019 1416 aquis
1036 1353 1122 1416 quae
1134 1344 1320 1414 mouentum

259 1449 388 1537 videtur
401 1448 490 1511 enim
505 1447 629 1509 moveri
644 1463 721 1510 cum
735 1453 829 1509 motu
845 1462 959 1525 aquae,
971 1464 1011 1509 eo
1023 1446 1199 1524 quodcum
1210 1464 1322 1527 super·

226 1626 230 1633 ,
258 1559 351 1622 ficies
376 1575 481 1638 aquae
507 1563 675 1631 movetur,
701 1555 887 1619 efficiuntur
912 1556 943 1618 ei
965 1556 1094 1620 diversa
1114 1554 1202 1633 loca3
1226 1557 1321 1619 etsie

258 1669 337 1732 facit
362 1666 447 1730 illud
471 1684 529 1747 per
553 1666 641 1745 quod
669 1670 721 1728 'res
749 1665 887 1729 videnda
908 1665 1080 1746 aspicitur,
1102 1663 1214 1745 plures
1237 1667 1320 1728 radii

257 1777 417 1853 visibiles,
440 1784 472 1840 et
493 1782 627 1858 apparet
647 1793 699 1839 res
720 1775 860 1839 videnda
879 1776 913 1837 in
937 1775 1087 1857 pluribus
1109 1774 1201 1852 locis,
1226 1784 1257 1839 et
1274 1777 1320 1838 vi-

258 1889 355 1951 detur
375 1886 511 1950 moveri.

299 1998 387 2060 Haec
414 1997 526 2076 itaque
556 2003 633 2059 sunt
654 2013 693 2058 ea
715 2013 799 2076 quae
822 1995 1112 2059 determinavimus
1135 1994 1175 2057 de
1197 1996 1320 2075 specie·

258 2107 320 2169 bus
340 2096 508 2180 fallaciae,
533 2123 617 2186 quae
639 2104 677 2185 ill
698 2123 737 2169 ex
758 2105 968 2185 passionibus
991 2104 1078 2168 visui
1099 2105 1321 2168 accidentibus

236 2200 238 2205 ¹
261 2217 302 2280 ab
327 2216 491 2280 universis
517 2215 615 2278 rebus
640 2215 803 2277 ¹videndis.
829 2214 955 2279 Debent
977 2233 1053 2296 ergo
1074 2214 1127 2279 his
1148 2216 1322 2280 succedere

261 2344 299 2390 ea
313 2365 332 2402 ,-
350 2342 435 2405 quae
457 2324 610 2388 accidunt
629 2325 665 2387 in
687 2312 873 2406 positione,
894 2324 1023 2389 fallacia
1045 2327 1156 2400 enim,
1180 2344 1265 2406 quae
1286 2328 1321 2389 in

260 2434 424 2500 coloribus
446 2435 577 2509 accidit,
600 2452 638 2498 ex
660 2435 813 2516 passione
835 2436 926 2499 visus
948 2437 986 2498 fit
1004 2442 1141 2501 tantum.
1162 2439 1323 2516 apparent
1404 2426 1407 2434 ’

261 2553 375 2611 autem
401 2563 486 2627 quae
514 2544 656 2610 diximus
677 2545 712 2606 in
734 2545 899 2626 positione
921 2552 953 2609 et
973 2545 1135 2609 universis
1156 2546 1254 2608 rebus
1270 2530 1323 2607 ¹vi-

260 2655 376 2719 dendis
403 2655 504 2718 modo
531 2653 654 2735 duplici
685 2654 726 2733 ad
755 2653 848 2735 plus:
878 2661 934 2717 eut
959 2655 1049 2718 enim
1070 2654 1132 2717 hoc
1153 2654 1190 2716 bt
1211 2673 1248 2717 ex
1269 2672 1323 2718 oo-

260 2765 387 2829 loribus
408 2764 589 2828 diversitati
611 2765 832 2828 subiectarum
853 2782 963 2827 rerum
986 2765 1262 2846 contingentibus,
1284 2767 1320 2827 in

258 2877 378 2956 quibus
398 2872 526 2938 fallitur
545 2893 674 2950 sensus,
691 2893 767 2937 cum
789 2875 935 2955 privatur
951 2893 971 2938 a
988 2876 1119 2957 propria
1136 2876 1320 2939 considera·

259 2989 350 3052 tione
371 3004 445 3062 sua,
468 2992 500 3049 et
520 2987 655 3050 vertitur
676 2986 718 3049 ad
734 2986 1074 3066 comprehendendam
1091 3005 1162 3050 rem
1179 3005 1239 3068 per
1254 2986 1320 3067 pri-

259 3116 349 3163 mam
369 3098 556 3179 passionem
583 3116 697 3176 suam3
729 3104 785 3162 eut
810 3099 847 3160 fit
871 3116 930 3178 per
950 3100 1056 3178 ipsam
1078 3099 1321 3163 ordinationem

259 3206 441 3272 visibilium
463 3208 651 3283 radiorum,
672 3226 748 3271 cum
769 3208 805 3270 id
827 3207 916 3287 quod
938 3207 1135 3272 discernitur
1159 3210 1198 3272 de
1221 3210 1320 3272 rebus

260 3318 422 3395 videndis,
444 3335 511 3380 nou
533 3317 760 3381 consideratur
785 3319 964 3405 secundum
995 3320 1083 3398 quod
1105 3318 1196 3381 decet
1216 3319 1252 3380 in
1274 3319 1322 3382 di-

259 3427 486 3503 versitatibus,
509 3428 567 3490 sed
593 3427 631 3489 fla
657 3427 753 3491 aliter
773 3427 914 3492 faciliori
934 3429 1041 3491 modo.
1069 3430 1192 3491 Rerum
1215 3430 1320 3506 enim,

243 3546 343 3618 -quae
365 3538 402 3600 in
422 3556 491 3601 uno
512 3536 585 3601 loco
603 3545 689 3612 sunt,
707 3537 785 3601 illae
801 3556 884 3620 quae
899 3537 1022 3600 habent
1036 3537 1195 3601 maiorem
1211 3538 1321 3620 splen·

260 3649 392 3723 dorem,
423 3655 577 3729 apparent
605 3648 867 3729 propinquiores.
898 3649 936 3711 ln
958 3647 1011 3711 his
1033 3655 1144 3711 autem
1173 3648 1319 3712 fallaciae

261 3776 358 3822 causa
374 3758 508 3821 videndi
524 3776 595 3822 rem
615 3758 776 3822 occultam
795 3777 860 3850 uon
879 3766 928 3821 est
945 3777 983 3821 ex
1000 3758 1204 3839 longitudine
1222 3760 1319 3833 radii,

261 3885 337 3930 cum
358 3867 463 3930 multa
484 3869 583 3931 luerit
606 3868 780 3943 distantia,
808 3868 866 3931 sed
891 3887 929 3931 ex
956 3869 1140 3932 diversitate
1165 3866 1321 3931 colorum.

261 3977 382 4039 lterum
397 3979 445 4040 rei
460 3975 598 4052 lucidae,
610 3984 645 4040 ut
659 3977 739 4040 solis
755 3985 788 4040 et
801 3977 911 4051 lunae,
924 3977 996 4040 loca
1012 3978 1236 4041 existimantur
1248 3993 1319 4040 esse

261 4087 510 4168 propinquiora3
539 4106 590 4150 res
619 4094 729 4151 autem
758 4088 917 4151 habentes
948 4088 1121 4151 occarltam.
1139 4088 1319 4151 claritatem
