3278 5364
342 574 383 639 to

342 702 417 749 cum
440 700 492 748 res
513 700 594 766 quas
615 683 705 746 vism
727 686 888 765 penetrat,
909 697 978 744 non
1000 678 1124 744 luerint
1143 676 1237 745 valde
1259 678 1408 760 subtiles,

342 794 399 859 ssd
420 796 478 859 fiat
500 812 538 859 ex
559 795 607 858 eis
629 795 743 858 fractio
765 792 892 856 habens
910 791 1140 873 quantitatem,
1156 808 1219 857 nec
1232 792 1408 857 habuerint

342 906 478 971 omnino
499 904 642 969 colorem
663 905 838 968 remissum
859 920 920 967 nec
940 900 1034 966 valde
1060 900 1241 968 intensum.
1262 902 1295 967 Si
1317 903 1407 968 enim

341 1017 516 1081 habuerint
546 1014 690 1079 colorem
720 1013 813 1078 valde
844 1014 1029 1090 intensum,
1050 1030 1118 1077 non
1139 1014 1334 1096 permittunt
1354 1032 1406 1080 co·

341 1127 426 1193 iores
444 1144 565 1201 rerum,
579 1144 661 1207 quae
677 1144 735 1207 per
751 1126 946 1189 fractionem
959 1124 1120 1201 videntur,
1130 1130 1305 1207 postquam
1318 1124 1406 1191 visus

340 1238 413 1301 illas
435 1236 661 1321 penetraverit,
676 1236 883 1300 commisceri
900 1253 974 1300 cum
992 1234 1102 1300 colore
1120 1254 1191 1313 suo,
1206 1236 1407 1319 praecedunt

342 1350 430 1413 enim
453 1355 485 1413 et
506 1348 654 1412 colorant
674 1348 782 1411 visum
806 1363 864 1429 per
889 1346 1043 1411 virtutem
1071 1344 1192 1411 coloris
1221 1364 1356 1427 eorum;
1377 1354 1410 1413 st

343 1479 419 1525 cum
441 1459 617 1524 habuerint
638 1457 782 1523 colorem
803 1455 993 1535 remissum,
1012 1457 1102 1521 visus
1124 1475 1191 1522 non
1214 1456 1318 1523 sumit
1331 1456 1408 1525 iude

342 1570 497 1636 colorem.
521 1571 582 1634 Sed
604 1588 679 1633 cum
700 1567 813 1635 mixtio
835 1562 1135 1643 fuerit'moderata,
1157 1567 1195 1632 lit
1214 1567 1294 1636 inde
1310 1586 1408 1651 quae-

342 1682 418 1745 dam
440 1680 610 1759 coloratio,
633 1688 665 1745 et
689 1681 778 1743 visus
804 1679 943 1760 suscipit
970 1679 1114 1745 colorem
1143 1678 1296 1757 aliunde,
1319 1680 1409 1746 velut

344 1792 472 1856 anube
494 1793 604 1867 tenui,
627 1810 711 1874 quae
733 1810 801 1857 non
830 1797 879 1856 est
900 1789 976 1856 alba
996 1808 1059 1857 nec
1078 1790 1171 1856 valde
1194 1789 1355 1866 colorata,
1377 1799 1409 1857 ct

342 1902 496 1967 cornibus
518 1901 634 1980 claris,
657 1919 740 1984 quae
762 1903 851 1965 visus
872 1908 1034 1985 penetrat,
1057 1908 1090 1966 et
1111 1900 1205 1984 aqrris
1220 1900 1407 1978 subtilibus,

342 2028 425 2092 quae
447 2019 525 2075 sunt
546 2028 646 2095 super
666 2012 784 2076 faciem
802 2017 917 2088 terrae,
934 2018 967 2076 et
981 2012 1093 2077 vitreis
1108 2010 1321 2089 sectionibus,
1335 2012 1404 2077 iru-

343 2123 401 2187 stis
424 2129 456 2187 et
477 2122 552 2187 eliis
575 2139 657 2203 quac
680 2129 757 2185 sunt
777 2122 870 2188 tenui
892 2122 1025 2187 coloris.
1039 2121 1246 2188 videbuntur
1262 2140 1406 2205 ergo'oo

344 2231 430 2296 lores
452 2251 562 2296 rerum
583 2233 799 2297 videndarum
820 2234 988 2297 commixti
1010 2251 1086 2298 cum
1108 2232 1218 2300 colore
1232 2234 1294 2311 rei,
1309 2250 1406 2317 quem

342 2344 430 2407 visus
452 2350 614 2426 penetrat,
637 2345 810 2427 compositi
833 2363 870 2409 ex
890 2345 1037 2426 utrisque
1055 2343 1233 2409 coloribus.
1245 2343 1406 2410 Coloratio

343 2474 418 2519 vero
440 2454 644 2536 subsequens
666 2454 703 2517 flt
723 2454 905 2519 secundum
920 2454 1094 2519 flexionem
1111 2454 1261 2537 quidem,
1275 2454 1407 2521 utillud

344 2566 432 2646 quod
453 2565 569 2630 accidit
589 2568 624 2630 in
646 2565 744 2630 rebus
767 2583 848 2647 quus
869 2565 958 2629 visus
979 2572 1142 2648 penetrat,
1162 2583 1239 2630 cum
1256 2583 1406 2649 suscepe·
1427 2618 1431 2627 .

345 2677 410 2739 rint
431 2674 556 2757 aliquid
579 2676 618 2742 de
639 2676 802 2741 coloribus
824 2694 947 2753 rerum,
969 2691 1054 2757 quoe
1075 2676 1263 2752 infrasnnt,
1278 2685 1313 2743 et
1326 2696 1407 2759 quae

344 2793 430 2850 retro
462 2805 516 2850 eas
545 2787 704 2851 videntur.
736 2786 924 2851 Secundum
953 2787 1252 2852 reverberationem
1281 2793 1407 2865 autom,

343 2897 428 2961 sicut
449 2898 486 2961 fit
507 2898 541 2961 in
564 2898 723 2980 speculis,
745 2898 903 2980 quoniam
925 2877 1000 2963 cum
1021 2898 1067 2963 ita
1087 2898 1212 2962 fuerint
1231 2898 1351 2980 posita,
1371 2904 1406 2963 ut

343 3007 416 3071 loca
444 3026 555 3071 rerum
585 3026 668 3090 quae
698 3008 733 3073 in
766 3009 813 3073 eis
844 3014 1021 3092 apparent,
1049 3008 1116 3072 sint
1136 3026 1236 3091 super
1256 3008 1405 3091 ipsorum

344 3118 553 3201 speculorum
585 3119 794 3202 superficies,
826 3126 983 3204 putantur
1014 3118 1134 3185 habere
1167 3118 1316 3185 colorem
1340 3120 1406 3197 rei,

344 3247 442 3311 quam
467 3233 555 3295 visus
580 3230 829 3313 comprehendit
855 3239 929 3313 post
956 3228 1264 3295 reverberationem.
1286 3230 1408 3295 Accidit

345 3342 443 3405 etiam
464 3341 528 3406 hoc
549 3343 732 3407 secundum
754 3341 857 3407 alium
886 3342 1023 3406 modum
1047 3340 1238 3424 positionis,
1260 3358 1337 3406 cum
1358 3360 1406 3408 rs·

345 3453 526 3517 verberatio
548 3454 587 3516 lit
611 3454 654 3518 ad
676 3452 812 3534 angulos
840 3452 935 3518 valde
962 3462 1073 3519 acutos
1099 3473 1119 3518 e
1144 3455 1316 3537 superlicio
1337 3473 1408 3537 spe·

344 3561 515 3643 culorum;
543 3562 636 3628 locus
658 3564 748 3628 enim
774 3564 810 3627 in
836 3581 902 3646 quo
928 3582 980 3631 res
1007 3574 1162 3649 apparet,
1184 3574 1232 3632 est
1259 3566 1407 3647 determi-

344 3680 457 3751 natus,
481 3679 514 3739 et
534 3679 584 3739 est
604 3674 661 3739 ille
682 3675 718 3739 in
745 3693 811 3756 quo
837 3676 1038 3742 conveniunt
1064 3678 1192 3755 radius,
1215 3678 1273 3761 qui
1294 3697 1315 3744 a
1334 3678 1407 3743 risu

343 3785 489 3868 procedit
510 3786 551 3850 ad
572 3785 752 3869 speculum,
779 3795 812 3852 et
837 3787 1115 3871 perpendicularis
1139 3806 1223 3870 quae
1237 3768 1326 3856 cadit
1340 3792 1359 3873 'a
1372 3809 1422 3856 re·

343 3896 483 3961 videnda
505 3897 545 3961 ad
566 3897 691 3979 speculi
712 3899 931 3982 superficiem,
953 3918 1029 3964 cum
1050 3901 1150 3966 fuerit
1170 3900 1205 3964 in
1224 3902 1341 3968 cadem
1358 3921 1407 3968 su-

344 4009 491 4088 perficie,
514 4026 597 4091 quae
620 4017 670 4075 est
691 4027 790 4093 super
805 4011 931 4095 speculi
948 4011 1155 4094 superficiem
1170 4013 1333 4079 adrectos
1349 4034 1406 4079 an·

346 4119 450 4203 gulos.
475 4120 555 4186 tium
577 4141 652 4207 ergo
671 4122 793 4208 anguli,
807 4122 864 4208 qui
879 4124 963 4190 liunt
976 4142 1014 4191 ex
1027 4122 1289 4192 reverberatione
1306 4144 1407 4209 penes
