3278 5364
153 503 302 575 'te

258 622 333 686 ideo
354 637 414 702 per
436 620 663 685 ordinationes
684 621 769 684 situs
791 620 964 684 radiorum
985 622 1073 685 faeta
1094 627 1175 685 sunt
1196 622 1341 697 manife-

259 733 375 806 stiora,
398 732 560 812 quoniam
590 731 757 812 oppositio
792 749 910 796 eorum
937 749 1006 795 non
1028 733 1066 794 iit
1087 751 1205 796 versus
1228 735 1344 797 omnia

259 843 334 908 loca
354 841 566 922 singulorum
593 849 817 923 punctorum,
840 841 900 923 qui
923 860 1023 923 super
1044 849 1146 923 caput
1167 843 1343 923 ridentur;

259 953 409 1033 alioquin
440 951 605 1017 accideret
628 952 746 1032 utique
779 952 869 1016 idem
897 952 1001 1016 videri
1027 955 1118 1032 quod
1147 970 1284 1017 sursum
1310 961 1343 1018 et

189 1050 200 1069 ⁴
260 1064 350 1144 quod
371 1065 551 1137 deorsum,
573 1070 607 1126 st
630 1065 720 1144 quod
741 1081 762 1126 u
783 1063 903 1126 dextris
926 1069 960 1127 et
981 1064 1072 1143 quod
1093 1081 1114 1128 a
1135 1065 1290 1139 sinistris,
1310 1073 1344 1129 et

258 1162 434 1255 nunquam
455 1181 628 1255 appareret
654 1172 704 1236 rei
732 1173 817 1237 situs
846 1174 1060 1250 terminatus,
1089 1181 1147 1239 aut
1171 1182 1343 1256 appareret

262 1285 372 1350 omnis
395 1283 479 1347 situs
503 1282 712 1365 simpliciter.

303 1396 430 1459 Rursus
446 1412 548 1459 omne
561 1412 681 1474 corpus
696 1401 833 1475 apparet
845 1395 882 1458 in
898 1412 965 1458 uno
981 1395 1054 1461 loco
1070 1413 1091 1460 a
1104 1394 1266 1461 lateribus
1280 1397 1341 1472 itti,

260 1507 320 1586 qui
344 1504 462 1587 aspicit
483 1522 560 1568 cum
582 1485 650 1567 uno
672 1503 769 1568 oculo
793 1511 943 1584 tantum3
968 1506 1144 1589 aspicienti
1166 1525 1244 1571 vero
1266 1525 1343 1571 cum

262 1616 393 1679 duobus
422 1615 530 1679 oculis
558 1615 690 1678 videtur
711 1616 746 1677 in
769 1634 838 1679 uno
859 1615 954 1692 loco,
982 1617 1012 1679 si
1034 1634 1102 1681 una
1124 1618 1344 1698 comprehen-

260 1727 346 1791 derit
373 1724 460 1789 illud
488 1743 566 1789 cum
594 1725 697 1790 radiis
728 1726 985 1801 consimilibus,
1013 1728 1072 1809 qui
1093 1726 1251 1793 videlicet
1282 1729 1342 1793 he·

258 1837 339 1900 bent
359 1837 395 1899 iu
418 1853 624 1917 unoquoque
646 1844 797 1899 utrarum
820 1837 1033 1919 pyramidum
1048 1837 1251 1919 positionem
1266 1858 1341 1903 oon·

262 1946 411 2011 similem
433 1954 467 2010 et
488 1944 664 2028 aequalem
686 1925 837 2028 respectu
858 1948 985 2028 proprii
1007 1947 1076 2011 axis
1099 1948 1151 2012 sui
1166 1969 1174 2026 ;
1188 1951 1288 2030 quod
1308 1950 1344 2011 dt

262 2056 395 2139 quando
420 2074 494 2120 axes
511 2064 663 2118 utrarum
678 2056 891 2137 pyramidum
906 2057 1112 2121 conveniunt
1125 2076 1229 2139 super
1243 2077 1343 2123 uuam

260 2173 294 2230 et
324 2167 466 2230 eandem
495 2184 567 2229 rem
601 2165 799 2241 videndam,
829 2166 1115 2247 quemadmodum
1143 2168 1182 2231 ut
1210 2170 1343 2250 quaudo

262 2277 442 2359 aspicimus
470 2294 524 2340 res
553 2275 713 2340 videndas
740 2277 886 2357 simplici
907 2285 1065 2358 aspectu,
1095 2287 1129 2343 et
1156 2280 1341 2343 secundum

260 2387 351 2468 quod
372 2404 392 2450 a
412 2394 532 2451 natura
559 2387 650 2450 inest
679 2387 776 2450 nohis
805 2388 954 2469 aspicere
983 2387 1171 2469 diligenter.
1205 2390 1346 2455 Videtur

261 2515 394 2579 quoque
422 2497 514 2578 quod
540 2503 661 2562 natura
692 2484 776 2561 ideo'
800 2498 912 2579 posuit
942 2498 1053 2562 visum
1083 2497 1273 2580 duplicem,
1304 2507 1341 2563 ut

262 2607 368 2688 magis
391 2607 601 2688 aspiciamus,
622 2615 725 2689 utque
741 2608 785 2671 sit
797 2609 889 2671 visus
911 2616 1025 2672 noster
1040 2609 1214 2673 ordinatus
1230 2617 1264 2675 et
1278 2619 1341 2677 ter-

223 2799 227 2804 p
261 2717 428 2797 minatus3
455 2717 595 2781 insitum
618 2724 669 2782 est
689 2718 788 2782 nobis
810 2719 1006 2783 naturaliter
1027 2721 1068 2783 ad
1091 2720 1238 2786 diversos
1262 2722 1344 2784 situs

260 2846 322 2892 nos
344 2827 477 2892 volvere
499 2827 645 2909 pupillas
666 2829 836 2893 volutione
858 2829 1007 2893 mirabili
1029 2837 1063 2894 et
1084 2829 1237 2911 diligenti
1259 2831 1345 2896 clam

258 2937 415 3014 elevatas,
436 2955 611 3019 quousque
633 2939 765 3020 utrique
788 2957 864 3004 axes
886 2938 1028 3015 insimul
1042 2940 1225 3005 ceciderint
1240 2959 1341 3023 super

261 3047 410 3111 medium
438 3049 590 3130 corporis
621 3049 778 3126 videndi,
805 3057 838 3113 et
858 3051 917 3114 dat
939 3051 1091 3132 utrisque
1112 3025 1345 3132 pyramidibus

260 3176 330 3222 una
352 3159 443 3222 basis
466 3158 501 3221 in
523 3159 599 3223 loco
622 3159 882 3240 contignationis
900 3179 1016 3224 earum
1031 3178 1108 3223 cum
1129 3179 1165 3225 re
1188 3162 1349 3234 videnda,

263 3277 296 3338 et
317 3269 420 3333 fuerit
433 3269 613 3333 constituta
629 3287 668 3333 ex
682 3270 838 3332 omnibus
854 3269 958 3333 radiis
973 3270 1091 3334 ordine
1106 3269 1347 3335 consimilibus.

262 3383 296 3447 Si
312 3398 388 3445 vero
405 3360 612 3461 coegerimus
626 3380 735 3443 visum
750 3381 850 3443 modo
866 3379 1018 3460 quolibet
1038 3380 1195 3446 excedere
1210 3396 1346 3445 consue·

258 3491 413 3556 tudinem
434 3509 547 3566 suam,
570 3497 604 3554 et
625 3491 828 3554 divertamus
844 3491 981 3556 eumad
1004 3489 1106 3555 aliam
1125 3508 1196 3554 rem
1218 3497 1348 3572 praeter

260 3601 372 3677 illam,
395 3618 496 3683 quam
517 3601 629 3664 videre
647 3599 852 3676 volebamus,
873 3605 974 3677 eires
989 3600 1147 3681 adquam
1164 3601 1342 3676 tendimus,

261 3712 361 3777 luerit
374 3710 543 3775 moderate
558 3709 669 3773 minor
683 3728 784 3790 quam
795 3711 961 3786 distantia,
974 3728 1060 3792 quae
1072 3717 1121 3774 est
1132 3711 1221 3773 inter
1232 3711 1347 3774 oculos

260 3831 292 3886 ct
313 3821 398 3886 radii
428 3820 602 3887 oculorum
627 3820 783 3896 insimul,
816 3839 885 3884 non
915 3821 1031 3902 utique
1062 3821 1115 3883 illi
1143 3820 1201 3902 qui
1232 3822 1349 3886 ordine

260 3940 341 3996 sunt
361 3930 569 4006 consimiles,
585 3931 645 3997 sed
659 3931 722 3995 alii·
733 3932 912 3996 ceciderint
926 3950 1027 4012 super
1041 3931 1142 3995 aliam
1158 3949 1230 3994 rem
1247 3949 1350 4012 quam

261 4040 368 4117 illam,
390 4061 491 4125 quam
512 4043 660 4125 aspicere
682 4042 887 4118 volebamus,
908 4042 1074 4106 ridebitur
1096 4042 1213 4106 eadem
1235 4043 1344 4109 resin
