3278 5364
322 551 383 616 112

318 663 568 741 immoderatae,
590 668 776 728 coartantur
794 678 924 745 semper
944 661 987 727 sd
1006 661 1278 746 propinquiorem
1298 685 1384 745 rem,

319 783 451 842 etcum
477 774 571 839 locus
592 774 833 838 coniunctionis
861 772 960 837 luerit
991 770 1077 838 retro
1108 775 1234 854 visum,
1259 794 1315 844 res
1335 779 1385 842 vi·

318 887 425 951 dende
450 904 518 950 non
544 885 673 949 videtur
705 890 791 949 retro
823 882 940 947 visum.
974 884 1193 965 impossibilis
1218 891 1270 952 est
1296 889 1387 953 enim

317 997 509 1062 huiusmodi
531 995 658 1077 opinio,
688 995 748 1059 sed
772 995 902 1059 videtur
928 1001 1003 1060 ante
1024 994 1211 1077 speculum,
1233 999 1394 1080 quamvis.

317 1110 429 1193 passio
451 1125 536 1190 quae
559 1107 676 1172 accidit
689 1107 725 1170 in
741 1124 853 1183 sensu,
868 1125 934 1172 non
951 1108 1093 1172 ostendit
1107 1107 1250 1175 formam
1262 1110 1300 1175 in
1314 1129 1387 1193 pre·

317 1222 389 1303 prio
411 1219 484 1283 loco
506 1237 583 1295 suo,
606 1217 665 1282 sed
686 1218 778 1282 ducit
798 1218 840 1281 sd
861 1215 972 1282 locum
998 1234 1064 1298 quo
1085 1236 1155 1283 non
1176 1225 1228 1285 est
1248 1221 1280 1288 si
1301 1220 1386 1289 situs

317 1330 469 1413 proprius
476 1362 484 1406 ,·
507 1329 641 1393 sicutin
658 1327 928 1410 praecedentibus
950 1328 1105 1406 diximus3
1127 1330 1287 1412 quonism
1301 1329 1386 1398 situs

318 1442 378 1505 cui·
398 1459 466 1505 uon
495 1438 684 1505 attribuitur
711 1437 803 1503 locus
833 1438 1000 1520 proprius,
1029 1439 1175 1504 ostendit
1199 1440 1385 1509 subiectam

317 1569 388 1616 rem
409 1552 444 1615 in
465 1551 539 1633 ipsa
559 1548 730 1632 superficie
756 1549 893 1630 speculi.
922 1549 960 1613 In
975 1550 1049 1614 situ
1069 1556 1182 1615 autem
1201 1552 1262 1633 qui
1286 1551 1385 1619 hebet

317 1661 488 1743 proprium
509 1660 637 1736 locum,
662 1660 700 1724 fit
720 1660 905 1725 secundum
932 1660 1134 1742 positionem
1153 1662 1226 1727 eius
1246 1680 1269 1729 a
1288 1662 1382 1741 usu,

317 1780 350 1837 et
370 1772 551 1837 secundum
572 1771 636 1836 hoc
657 1772 696 1834 dt
715 1771 823 1836 torma
842 1771 879 1835 in
902 1769 1045 1854 speculo,
1058 1771 1213 1839 videlicet
1225 1788 1290 1851 res,
1305 1790 1384 1859 qus·

317 1900 392 1947 rum
406 1883 531 1947 formas
545 1882 670 1946 fuerint
684 1888 759 1964 pest
771 1881 879 1945 visum
895 1886 927 1945 et
942 1887 1016 1964 post
1028 1880 1216 1964 speculum,
1229 1883 1385 1950 videntur

316 2000 390 2076 post
407 1991 595 2076 speculum,
610 1997 741 2073 atquae
756 1992 1066 2071 suntretrorisum,
1082 1999 1244 2075 apparent
1256 1994 1383 2061 termae

317 2122 431 2170 earum
454 2110 529 2169 ante
551 2102 734 2186 speculum.

360 2215 517 2281 Possibile
539 2222 590 2279 est
610 2221 722 2280 autem
743 2214 841 2279 nobis
855 2214 1058 2298 perpendere
1071 2212 1133 2281 has
1147 2215 1286 2298 speeies,
1301 2234 1382 2301 quas

317 2308 458 2390 diximus
486 2327 527 2390 de
556 2327 642 2403 situ,
665 2343 932 2413 unamquamque
958 2327 1070 2408 utique
1091 2327 1258 2392 semotim.
1291 2328 1328 2393 ai
1345 2329 1380 2393 in
1434 2403 1438 2414 .

317 2444 502 2520 praetaxata
522 2437 618 2501 nohis
639 2436 758 2518 planes
778 2437 1044 2519 protraxerimus,
1062 2437 1151 2502 sicut
1163 2440 1382 2520 protraximus

316 2551 353 2613 in
373 2550 479 2630 figura
500 2568 585 2632 quae
606 2549 693 2613 hanc
714 2549 895 2631 praecedit,
917 2547 1025 2613 lineas
1040 2549 1081 2613 ab
1097 2549 1163 2630 (sip.
1178 2548 1233 2627 56)
1248 2551 1382 2633 quidem

316 2667 349 2726 et
369 2661 412 2725 ab
433 2663 475 2726 ad
496 2659 653 2743 aequales
670 2660 824 2742 angulos,
838 2663 885 2726 dls
898 2678 976 2726 vero
990 2661 1266 2742 aequidistantem
1281 2663 1336 2741 ed,
1349 2670 1383 2729 st

318 2772 575 2854 protraxerimus
594 2775 677 2847 eds,
699 2780 733 2836 et
758 2772 968 2855 posuerimus
994 2773 1105 2865 risum
1126 2790 1227 2856 super
1245 2792 1282 2852 s,·
1303 2790 1381 2841 con·

316 2902 433 2949 cavum
455 2889 567 2948 autem
592 2883 762 2967 speculum
788 2885 998 2967 posuerimus
1020 2902 1121 2967 super
1141 2884 1381 2963 circumdaren-

277 3050 280 3057 .
317 2996 398 3060 tiam
419 2997 498 3076 obp,
521 3001 552 3058 et
566 2995 713 3060 nitemur
727 2997 871 3079 aspicere
886 2998 1011 3061 formas
1027 2996 1297 3077 magnitudinum
1312 3016 1383 3081 par·

314 3124 431 3172 varum
465 3106 687 3172 coloratorum
717 3109 902 3189 positarum
936 3124 1036 3190 super
1067 3106 1158 3172 linea
1184 3108 1243 3184 dx,
1278 3108 1383 3174 torma

317 3221 433 3303 utique
449 3219 685 3301 magnitudinis
703 3220 828 3302 positae
849 3236 986 3301 supera
1007 3225 1064 3283 sut
1077 3219 1099 3283 t
1111 3200 1276 3284 videbitur
1289 3220 1383 3303 qussi

252 3356 254 3363 ·
318 3333 476 3397 continua
496 3331 532 3395 in
554 3331 628 3397 loco
649 3331 791 3414 speculi,
814 3333 850 3394 in
871 3348 938 3412 quo
960 3337 1010 3396 est
1031 3332 1067 3408 d,
1090 3336 1123 3396 st
1142 3329 1278 3397 habebit
1297 3333 1383 3417 post·

316 3443 442 3508 tionem
457 3449 491 3510 et
503 3442 648 3507 colorem
663 3442 763 3507 illius.
786 3444 922 3507 Formae
939 3443 1031 3507 enim
1045 3442 1093 3507 rol
1107 3420 1234 3524 positae
1248 3459 1383 3528 supera

317 3557 374 3616 aut
394 3553 415 3616 t
435 3552 549 3617 nullus
576 3559 625 3618 est
653 3552 735 3616 situs
763 3552 799 3615 in
828 3553 960 3635 proprio
988 3552 1061 3617 loco
1090 3551 1382 3619 terminarentur

317 3664 451 3745 quidem
470 3664 562 3744 quod
584 3670 633 3728 est
654 3665 808 3745 superis,
830 3663 1021 3729 non‘hahet
1043 3662 1155 3728 locum
1175 3646 1382 3729 coniuncdo·

316 3775 370 3839 nis
392 3775 581 3857 proprium;
603 3774 686 3838 illud
707 3793 784 3839 vero
806 3776 895 3856 quod
916 3781 968 3840 est
987 3792 1089 3857 super
1101 3794 1128 3853 s,
1148 3773 1253 3840 habet
1272 3772 1382 3841 locum

317 3904 528 3951 communem
549 3887 615 3951 sihi
636 3892 669 3950 et
689 3886 791 3969 visui,
809 3904 885 3951 cum
903 3887 947 3951 sit
961 3887 1151 3952 coniunctio
1165 3887 1202 3951 in
1216 3894 1380 3968 punctos.

316 3999 462 4073 Quorum
484 4004 594 4064 autem
616 3999 700 4062 situs
721 4004 770 4062 est
790 3999 876 4063 inter
894 3998 977 4062 haec
997 3998 1064 4062 duo
1085 3996 1169 4073 loca,
1190 4006 1261 4063 no'n
1280 4012 1379 4083 eppa·

317 4112 390 4174 rent
411 4111 535 4175 formae
553 4126 671 4175 eorum
692 4128 793 4192 super
813 4110 923 4193 ipsum
944 4109 1133 4190 speculum,
1153 4126 1230 4173 cum
1249 4104 1379 4177 sinteis
