3278 5364
1271 554 1331 634 tto
1389 626 1392 635 Α

227 684 230 689 ’
265 676 306 741 ad
321 676 347 752 b,
363 670 513 741 dividunt
527 675 567 740 de
582 654 706 741 circuio
724 675 878 758 aequales
894 644 1187 742 circumferentias.
1206 675 1241 740 Si
1254 695 1331 760 ergo

264 784 349 852 alter
368 793 566 869 punctorum
588 788 688 851 fuerit
708 805 809 871 super
829 792 989 869 punctum
1004 806 1038 867 c,
1057 786 1187 852 et-alter
1199 788 1235 852 in
1250 807 1333 871 pun-

261 902 313 962 c'to
334 885 455 980 a,'qui
478 903 643 980 estsuper
663 897 788 962 lineam
809 900 847 978 ep'
874 898 1092 980 productam,
1120 917 1188 963 non
1215 899 1332 964 refrin-

262 1004 398 1099 gitura
425 1007 689 1072 circumferentia
718 1008 759 1089 tp
787 1008 899 1072 radius
929 1009 970 1073 ad
996 1007 1153 1091 aequales
1182 1010 1330 1092 angulos.
1369 1048 1371 1053 ·

263 1118 533 1207 circumferentia
555 1115 643 1183 enim
664 1120 707 1182 ot
730 1137 805 1182 oum
827 1120 870 1183 sit
890 1118 976 1183 siout
997 1120 1263 1186 circumferentia
1281 1122 1330 1203 iq,

261 1222 346 1295 facta
368 1236 418 1295 est
439 1230 712 1307 circumferentia,
735 1247 835 1312 quam
856 1230 972 1294 dividit
987 1230 1086 1309 linea,
1101 1249 1186 1314 quae
1201 1233 1332 1316 copulat

261 1328 423 1425 punctum
437 1361 456 1407 a
471 1347 505 1405 et
517 1360 624 1404 unum
647 1341 830 1424 deponetis
852 1359 951 1424 super
972 1342 1271 1407 circumferentiam
1290 1345 1331 1427 ip

260 1452 495 1547 existentibus,
528 1452 635 1517 maior
665 1470 764 1534 quam
793 1453 1056 1518 circumferentia
1083 1472 1185 1547 quam
1214 1454 1330 1539 diuidit

259 1562 349 1627 linea
376 1566 462 1644 quae
488 1562 621 1645 copulat
651 1562 762 1646 ipsum
784 1569 945 1644 punctum
966 1585 1004 1643 z,·
1026 1582 1045 1628 a
1066 1565 1331 1631 circumferentia

258 1690 335 1739 vero
357 1691 443 1755 quae
466 1681 515 1738 est
536 1674 623 1738 inter
643 1693 676 1755 a,
691 1674 722 1750 t,
743 1674 901 1757 possibile
924 1681 973 1739 est
988 1676 1119 1740 radium
1136 1675 1327 1759 'refringi'ad
1390 1663 1392 1667 Α

263 1782 420 1866 aequales
442 1782 579 1866 angulos
600 1790 638 1847 ut
658 1786 715 1860 ott,
731 1787 787 1860 te,
810 1791 843 1850 et
862 1784 1018 1867 possibile
1034 1791 1084 1849 est
1099 1794 1177 1851 tunc
1191 1787 1329 1851 circum·

248 1894 420 1973 ¹ferentino
442 1896 500 1971 ot,
522 1896 561 1958 tt
583 1912 654 1960 esse
676 1894 840 1977 aequales.
866 1896 931 1960 Neo
951 1895 1109 1978 possibile
1132 1903 1182 1962 est
1204 1898 1244 1962 ab
1264 1899 1330 1963 ista

261 2002 525 2068 circumferentia
551 2003 654 2069 alium
675 2004 806 2070 radium
830 2003 985 2085 refringi,
1007 2004 1109 2072 altera
1134 2007 1226 2071 enim
1247 2007 1328 2072 dua·

259 2132 337 2180 rum
357 2114 531 2192 linearum,
554 2134 639 2196 quae
660 2115 792 2198 copulat
812 2116 1001 2205 praedictos
1011 2123 1150 2198 punctos
1172 2124 1205 2182 et
1226 2118 1329 2183 alium

260 2224 421 2310 punctum
432 2232 561 2309 praeter
572 2229 603 2302 t,
615 2227 729 2292 dividit
740 2228 1041 2313 circumferentiam
1053 2229 1215 2294 maiorem
1227 2236 1328 2312 quam

261 2313 532 2420 unamquemque
554 2338 695 2402 duarum
716 2338 956 2421 praedictarum
974 2338 1328 2420 circumferentiarum

262 2444 367 2513 altera
393 2466 468 2512 vero
498 2449 615 2513 dividit
639 2450 938 2514 circumferentiam
966 2451 1130 2516 minorem
1153 2452 1257 2516 illius.
1279 2454 1327 2517 Si-

262 2548 342 2623 miie
364 2558 465 2625 etiam
490 2561 661 2638 accideret,
683 2546 712 2624 si
733 2569 874 2642 punctus
896 2581 916 2627 o
937 2569 1024 2628 esset
1045 2569 1133 2628 extra
1154 2563 1327 2642 circulum,
1435 2613 1437 2617 v

261 2677 295 2736 et
315 2669 404 2734 linea
424 2689 463 2736 ez
483 2677 571 2736 esset
590 2673 697 2737 maior
716 2671 806 2737 linea
825 2691 875 2739 ec.
1138 2656 1141 2660 Α

285 2758 292 2783 ”
303 2780 371 2846 Hae
391 2781 503 2864 itaque
524 2783 664 2865 species,
687 2800 768 2864 quas
788 2784 928 2849 diximus
945 2784 983 2850 de
997 2785 1173 2869 positione,
1189 2793 1276 2866 sunt,
1291 2789 1327 2851 in

260 2891 382 2976 quidm
403 2892 519 2957 incidit
538 2890 648 2970 linea,
680 2913 764 2977 quae
786 2896 919 2979 copulat
941 2903 1112 2978 aspectum
1134 2904 1167 2963 et
1187 2917 1257 2963 rem
1278 2900 1326 2963 vi·

260 3003 403 3070 dentiam
424 3003 510 3069 inter
530 3004 705 3088 speculum
727 3014 759 3071 et
780 3014 927 3072 centrum
949 2983 1115 3091 sphaerae.

255 3106 265 3133 ³
291 3112 393 3180 ‘Nunc'
414 3122 526 3181 autem
548 3118 640 3183 decet
659 3136 721 3184 nos
744 3136 904 3202 exponere
927 3138 982 3197 ea,
1004 3139 1089 3203 quae
1112 3128 1191 3186 sunt
1213 3122 1261 3198 de,
1275 3104 1326 3188 re·

256 3218 552 3303 verberationibus,
576 3245 661 3309 quae
684 3227 770 3292 fiunt
792 3230 834 3293 ad
856 3230 1011 3312 aequales
1033 3231 1190 3314 angulos,
1214 3241 1248 3299 ct
1268 3236 1324 3299 de·

259 3324 443 3402 monstrare
465 3338 554 3419 quod
575 3338 611 3400 in
633 3339 831 3429 quibusdam
854 3340 1060 3422 impossibile
1083 3349 1133 3407 est
1153 3344 1226 3408 fieri
1248 3362 1325 3427 conf

258 3448 463 3514 functionem
485 3448 628 3513 duarum
649 3449 833 3528 linearum,
863 3471 964 3535 penes
986 3470 1067 3535 quas
1089 3454 1231 3518 diximus
1253 3457 1326 3520 fieri

258 3554 398 3625 formam
419 3560 467 3624 rei
494 3559 674 3642 videndae3
701 3562 737 3624 in
765 3562 964 3645 quibusdam
985 3582 1118 3648 quoque
1139 3568 1213 3631 fieri
1234 3574 1325 3650 parte
1379 3553 1383 3559 ’

256 3668 329 3751 tila,
359 3686 425 3753 qua
457 3677 506 3735 est
532 3673 726 3756 speculum3
759 3676 795 3738 in
823 3677 1022 3758 quibusdam
1048 3695 1124 3742 vero
1154 3676 1228 3744 deri
1249 3698 1325 3744 con·

258 3780 463 3846 functionem
495 3789 580 3849 retro
614 3786 839 3867 aspicientem.
874 3788 913 3852 In
943 3789 1064 3875 quihus
1095 3790 1185 3854 enim
1212 3789 1323 3867 linea,

258 3880 552 3970 quee'refringitur
573 3908 593 3953 a
614 3889 747 3972 speculo
770 3891 812 3954 ad
832 3909 903 3956 rem
923 3893 1106 3974 videndam,
1124 3896 1225 3960 fuerit
1238 3897 1325 3962 sicut

256 3997 360 4075 tinea,
383 4016 468 4081 qnae
490 3999 622 4082 copulat
643 4019 713 4064 rem
734 4001 908 4066 videndam
931 4009 963 4067 et
984 4012 1133 4069 centrum
1154 4005 1323 4088 sphaerae,

258 4115 386 4192 oporiet
413 4112 614 4187 necessario,
647 4120 686 4175 ut
718 4106 830 4178 radius
857 4114 1015 4180 refractus
1042 4117 1151 4182 exiens
1174 4118 1214 4183 ab
1237 4121 1322 4204 aspi·
