3278 5364
260 532 318 595 iil

299 644 530 707 Verumtamen
563 642 719 722 possibile
751 652 801 705 est
830 663 868 707 er
898 640 1222 708 considerationibus
1257 641 1335 706 olim

257 752 351 817 iactis
380 751 529 832 dignosci
561 753 746 832 generalem
777 753 1023 817 distinctionem
1052 754 1093 817 de
1116 752 1332 817 fractionibus

257 863 314 925 tali
338 864 446 925 modo.
462 864 525 925 Res
540 862 641 937 enim,
660 880 799 943 quarum
821 864 1036 927 subsistentia
1057 870 1108 926 est
1129 845 1234 944 penes
1257 882 1336 944 pun·

258 980 347 1036 ctum
364 973 533 1035 fractionis
548 973 632 1036 radii
648 980 680 1035 et
695 973 973 1054 perpendicularis
987 974 1137 1037 cadentis
1152 991 1172 1037 a
1188 972 1336 1053 quolibet

258 1090 380 1165 puncto
404 1084 436 1145 in
462 1083 669 1164 superficiem
689 1082 921 1147 terminantem
935 1091 1075 1164 utraque
1091 1084 1260 1164 praedicta
1275 1083 1336 1147 dis·

258 1193 381 1257 similia
403 1211 556 1275 corpora,
573 1210 648 1256 cum
664 1194 786 1256 luerint
800 1195 834 1255 in
851 1196 1005 1274 grossiori
1020 1198 1168 1273 corpore,
1191 1202 1223 1256 et
1241 1211 1335 1274 appa·

259 1311 333 1367 rent
358 1303 500 1367 maiores
529 1323 628 1383 quarn
651 1321 727 1366 cum
749 1305 873 1367 luerint
895 1305 929 1366 in
952 1302 1135 1377 subtiliori,
1158 1304 1280 1366 eodem
1303 1302 1335 1364 in

259 1414 407 1493 utrisque
429 1413 496 1476 situ
518 1420 724 1482 conservato,
746 1420 824 1476 tunc
847 1414 908 1477 erit
926 1414 1082 1476 transitus
1096 1412 1239 1475 risibilis
1253 1412 1337 1475 radii

259 1543 279 1586 a
301 1522 463 1586 subtiliori
491 1541 626 1604 corpore
655 1524 695 1586 ad
723 1523 886 1615 grossius3
910 1530 966 1586 aut
988 1522 1024 1584 iit
1046 1542 1063 1587 e
1088 1524 1238 1598 diverso,
1261 1538 1337 1586 cum

261 1633 427 1697 transierit
448 1653 468 1697 a
489 1634 644 1713 grossiori
667 1635 709 1695 ad
730 1632 895 1696 subtilius.

265 1729 268 1734 ¹
303 1745 371 1807 Hoc
394 1753 503 1808 autem
526 1744 572 1806 ita
595 1743 753 1819 dicimus,
774 1751 812 1806 ut
835 1744 930 1807 llexio
953 1746 996 1806 eit
1014 1746 1129 1808 eadem
1143 1762 1287 1808 numero
1302 1744 1335 1807 iu

259 1873 456 1937 unaquaque
479 1856 619 1917 duarum
645 1855 831 1934 specierum
859 1857 1039 1929 transitus,
1067 1854 1200 1919 diflerat
1226 1858 1338 1918 tameir

261 1967 294 2027 iu
319 1967 439 2047 specie.
463 1966 499 2027 In
525 1966 663 2027 transitu
690 1965 781 2029 enim
808 1966 878 2028 eius
902 1985 921 2029 a
942 1964 1109 2028 subtiliori
1132 1982 1274 2046 corpore
1300 1964 1340 2027 ad

261 2077 422 2154 grossius,
446 2076 591 2139 declinat
613 2077 654 2138 ed
675 2075 995 2157 perpendicularem
1016 2076 1051 2138 in
1071 2076 1215 2138 transitu
1229 2082 1339 2139 autem

261 2185 333 2248 eius
355 2204 374 2247 a
395 2187 551 2265 grossiori
573 2204 709 2265 corpore
726 2186 767 2248 ad
784 2184 939 2248 subtilius
956 2186 1098 2249 declinat
1114 2184 1156 2248 ad
1173 2183 1340 2248 diversam

264 2294 527 2376 perpendiculari
550 2302 687 2375 partem.
807 2344 824 2359 .

205 2492 208 2497 Ι
305 2406 386 2467 ilum
404 2407 493 2469 euim
513 2405 617 2487 ligura
635 2408 733 2469 fuerit
750 2406 857 2486 posita
873 2407 1056 2470 secundum
1072 2405 1227 2486 plancam
1241 2422 1340 2486 quam

257 2517 544 2596 praetaxavimus,
574 2522 607 2580 et
634 2517 793 2579 fuerimus
822 2516 968 2578 arbitrati
997 2515 1084 2595 quod
1115 2514 1277 2579 diameter
1291 2516 1342 2578 'ld

267 2628 327 2707 (pp.
352 2625 406 2699 85)
431 2627 535 2689 estin
559 2626 751 2706 superlleie,
774 2644 858 2705 quae
881 2627 1053 2706 distinguit
1075 2626 1141 2688 duo
1163 2624 1343 2688 dissimilia

265 2754 414 2816 corpora;
437 2735 717 2816 perpendicularis
745 2744 854 2799 autern
884 2754 947 2814 ceo
975 2742 1136 2816 protracta
1163 2744 1197 2798 et
1229 2734 1341 2798 radius

265 2846 366 2908 flexus
381 2863 494 2908 versus
509 2845 827 2926 perpendicularem,
838 2854 876 2907 ut
890 2845 1002 2908 radius
1013 2847 1064 2918 et,
1080 2862 1154 2907 cum
1171 2862 1240 2925 quo
1255 2862 1341 2907 com·

266 2957 440 3037 prehendit
457 2956 613 3035 angulum
628 2959 709 3034 peta·
733 2957 816 3018 situs
830 2957 944 3036 utique
961 2955 1110 3018 flexionis
1125 2961 1241 3018 manet
1255 2972 1342 3017 unus

267 3075 299 3128 et
320 3067 424 3141 idem,
447 3084 521 3129 oum
544 3064 683 3129 visibilis
705 3067 819 3130 radius'
839 3067 1005 3129 transierit
1018 3083 1077 3146 per
1090 3070 1253 3147 punctum
1268 3084 1300 3139 e,
1315 3070 1345 3127 et

265 3176 348 3238 situs
370 3176 458 3238 visus
480 3174 579 3237 fuerit
600 3192 699 3254 supra
720 3183 878 3255 puuctum
900 3193 936 3244 z,·
958 3174 1048 3237 linea
1069 3173 1160 3237 enim
1183 3190 1272 3252 quae
1293 3180 1342 3235 est

268 3294 341 3367 post
361 3287 578 3359 fractionem,
600 3284 753 3348 videlicet
775 3285 866 3348 linea
886 3285 940 3359 eit,
963 3283 1109 3348 declinat
1128 3299 1246 3346 versus
1259 3268 1342 3364 per·

268 3394 515 3477 pendicularem
548 3395 730 3459 secundum
761 3396 1007 3475 processionem
1039 3412 1157 3468 suam,
1184 3410 1263 3455 cum
1290 3408 1342 3456 res

267 3506 410 3570 videnda
423 3507 553 3569 ridetur
573 3506 756 3569 secundum
774 3506 1021 3583 rectitudinem;
1037 3512 1070 3569 et
1091 3504 1120 3567 si
1134 3505 1228 3567 visus
1245 3502 1343 3567 firerit

267 3618 302 3679 in
322 3623 445 3697 puncto
467 3618 501 3691 t,
523 3625 556 3678 et
576 3635 616 3679 ez
638 3617 674 3678 in
697 3615 861 3679 subtiliori
883 3633 1041 3696 corpore,
1069 3615 1157 3694 quod
1179 3614 1341 3688 estheri,

268 3726 357 3791 linea
367 3727 482 3807 utique
496 3737 528 3791 et
541 3735 616 3807 post
630 3727 805 3790 flexionem
820 3728 883 3790 erit
897 3745 914 3790 e
929 3726 1057 3789 diverso
1073 3742 1174 3806 quam
1189 3725 1341 3798 diximus,

269 3836 465 3902 declinando
492 3839 533 3901 ad
561 3838 721 3921 diversam
751 3844 878 3919 partem
907 3834 1186 3918 perpendicularis
1208 3854 1270 3910 oe,
1298 3836 1343 3897 ita

270 3951 357 4030 quod
378 3949 536 4012 remotior
558 3948 635 4010 inde
658 3948 696 4009 iit
717 3949 798 4028 quin
827 3948 855 4009 si
884 3946 1022 4010 visibilis
1050 3946 1162 4009 radius
1190 3944 1343 4026 procedat

271 4059 453 4127 secundum
475 4059 700 4123 directionem.
1078 4072 1081 4077 ·
