3278 5364
260 542 298 605 58

258 652 298 714 de
320 651 480 714 distantiis
503 657 536 712 et
558 652 748 730 quantitate,
771 651 857 713 sicut
874 651 911 712 sst
928 666 1003 711 cum
1021 651 1054 710 in
1071 649 1124 711 die
1144 614 1322 729 aspicimus

258 763 292 823 in
314 779 390 824 aere
410 779 476 840 quo
497 777 622 823 sumus.
644 761 724 823 Cum
746 760 836 823 enim
864 760 953 822 idem
980 776 1036 823 aer
1061 760 1103 822 sit
1130 759 1270 840 spissior
1290 766 1325 822 et

257 872 360 950 magis
375 869 538 935 coloratus
553 887 652 950 quam
664 870 813 951 superior
825 877 957 950 propter
967 868 1077 933 locum
1091 870 1217 934 multae
1228 869 1324 933 erha·
1350 935 1354 941 ,

257 978 400 1055 lationis,
422 998 506 1060 quae
528 981 673 1043 ascendit
696 997 715 1042 a
735 988 821 1043 terra
843 987 876 1042 at
899 980 1002 1060 aquis,
1019 981 1126 1060 aptior
1140 980 1180 1043 nt
1193 979 1236 1043 ad
1250 996 1324 1060 pro·

256 1090 441 1154 vehendum
463 1089 575 1153 lumen
598 1090 685 1152 intra
706 1107 782 1153 eum
797 1096 830 1152 et
844 1090 1008 1170 penetrari
1023 1106 1043 1151 a
1056 1090 1144 1168 visu;
1165 1096 1320 1171 putamus

170 1196 172 1200 ’
258 1218 333 1279 ergo
346 1200 457 1263 videre
472 1198 601 1263 coelum
619 1199 704 1262 sicut
721 1198 866 1263 colorem
881 1216 1091 1262 communem
1106 1198 1323 1263 exhalationi-

256 1309 318 1372 bus
332 1316 366 1372 et
378 1308 481 1372 coelo.
496 1309 726 1373 Universalitar
739 1326 869 1389 quoque
882 1310 918 1372 in
931 1309 1086 1372 omnibus
1097 1309 1197 1373 rebus
1208 1316 1320 1373 exton-

259 1421 315 1492 eis,
337 1419 457 1492 tenuis,
477 1418 634 1493 humidis,
656 1437 740 1498 quae
755 1425 833 1481 sunt
847 1418 1040 1483 remotiores
1056 1419 1096 1482 ab
1110 1436 1187 1483 aere
1201 1419 1239 1481 in
1256 1436 1322 1500 quo

257 1545 382 1602 snmus,
394 1536 526 1609 propter
539 1527 679 1592 validam
694 1529 906 1592 subtilitatem
921 1546 1036 1592 earum
1050 1528 1189 1592 omuino
1203 1528 1321 1593 debili·

258 1645 348 1701 tatnr-
366 1638 459 1701 nisus
480 1638 610 1702 videndi
639 1656 710 1713 eas,
736 1638 886 1719 quamvis
913 1638 1027 1703 lumen
1056 1656 1124 1702 non
1146 1639 1323 1720 prohibeat

259 1748 588 1828 comprehensionem
614 1766 745 1825 earum,
767 1748 852 1811 sicut
873 1748 991 1811 accidit
1009 1764 1086 1811 cnm
1110 1748 1203 1811 visus
1223 1748 1323 1811 fuerit
1405 1820 1408 1827 ,

258 1856 294 1918 in
315 1858 487 1922 tenebroso
508 1856 583 1922 loco
605 1866 638 1920 et
659 1858 819 1940 aspexerit
840 1856 966 1933 smiles,
988 1866 1021 1921 ot
1045 1874 1114 1921 non
1140 1858 1229 1923 videt
1251 1874 1322 1921 rom

258 1967 346 2030 circa
370 1985 425 2031 eae
458 1974 645 2044 extensam,
676 1968 826 2049 quamvis
852 1969 947 2032 cadat
970 1984 1070 2049 super
1093 1986 1168 2031 eam
1195 1966 1321 2031 lumen.

259 2076 322 2141 Sed
342 2095 418 2140 cum
438 2078 537 2142 merit
556 2080 645 2142 visus
672 2079 707 2140 in
733 2077 807 2141 loco
832 2077 958 2151 lucido,
984 2095 1052 2140 non
1079 2078 1168 2141 videt
1190 2076 1321 2151 stellae,

260 2187 417 2265 quoniam
438 2186 552 2251 lumen
573 2188 662 2268 quod
682 2189 840 2252 estinter
861 2205 916 2251 eas
938 2194 970 2251 et
990 2188 1113 2263 usum,
1135 2186 1227 2251 ducit
1243 2206 1322 2269 pro·

261 2295 446 2359 tensionem
466 2297 555 2360 visus
578 2296 619 2359 ad
640 2297 849 2360 debilitatem.
871 2299 909 2360 Et
929 2297 1087 2378 qnoniam
1107 2314 1188 2373 aer,
1208 2298 1267 2379 qui
1286 2298 1321 2360 in

261 2402 314 2468 die
336 2412 485 2487 apparet,
506 2412 637 2486 putatur
657 2423 728 2470 esse
750 2407 907 2469 remotior
932 2406 1086 2471 omnibus
1110 2407 1225 2482 rebus,
1246 2424 1322 2471 oum

134 2543 137 2550 ν
260 2514 345 2577 nihil
373 2515 462 2578 aliud
487 2521 640 2597 appareat
668 2515 842 2580 sublimius
872 2534 932 2592 eo;
966 2517 1016 2580 sol
1045 2522 1155 2581 autem
1183 2524 1217 2580 et
1243 2514 1322 2581 luna

259 2629 415 2706 putantur
435 2643 507 2690 esse
527 2626 703 2707 propinqui
723 2633 855 2708 propter
875 2626 1071 2701 claritatem,
1092 2626 1151 2690 sed
1167 2620 1323 2691 meus'vi·

260 2734 341 2797 dens
362 2733 510 2811 coelum,
531 2728 620 2816 qnod
640 2737 682 2798 sit
702 2735 877 2799 sublimius
899 2735 973 2799 aliis
993 2734 1091 2812 locis,
1108 2736 1323 2801 ratiocinatur

260 2843 543 2908 ratiocinationem
569 2844 702 2921 falsam,
724 2854 756 2909 et
784 2853 876 2927 putat
902 2863 972 2909 rem
999 2846 1086 2908 visui
1111 2854 1322 2928 apparentem

260 2970 332 3016 osse
353 2971 480 3030 veram,
503 2953 649 3019 otiliam
672 2973 744 3019 esse
767 2974 866 3036 quam
887 2956 960 3036 ipsa
979 2958 1161 3036 cognoscit,
1182 2964 1217 3021 et
1232 2964 1322 3037 putat

260 3062 349 3142 quod
372 3082 437 3139 nes,
458 3083 542 3146 quae
564 3064 743 3128 novissima
764 3067 796 3130 ei
817 3066 954 3140 videtur,
976 3066 1084 3129 maior
1099 3066 1225 3142 sititis,
1239 3084 1322 3159 quae

260 3174 453 3238 naturaliter
480 3181 513 3239 et
538 3193 615 3239 vere
642 3176 800 3240 remotior
827 3182 876 3240 est
903 3184 937 3240 et
963 3177 1067 3239 maior
1093 3174 1180 3240 aliis.
1203 3178 1323 3241 Accidit

261 3284 360 3347 etiam
374 3285 409 3347 in
425 3286 539 3365 figuris
560 3285 668 3349 simile
685 3286 778 3362 huic,
793 3285 944 3349 videlicet
961 3287 1166 3365 iahmcarum,
1181 3304 1321 3368 quarum

261 3395 400 3473 parietes
421 3395 541 3458 habant
562 3397 817 3477 aequidistantia
837 3395 957 3472 latera,
980 3403 1012 3459 et
1032 3395 1190 3459 liminum
1210 3397 1322 3460 ianua'·

258 3520 346 3577 rum,
367 3521 451 3583 quae
472 3505 630 3569 sublimia
652 3512 741 3580 sunt,
757 3507 945 3586 superiores
961 3512 1068 3587 partes
1081 3505 1240 3571 videntur
1252 3526 1320 3571 aru·

259 3611 381 3693 pliores
395 3616 479 3694 (sict3
496 3616 584 3695 quod
602 3615 718 3679 accidit
732 3633 772 3679 ex
785 3616 1030 3696 imaginatione,
1046 3633 1131 3695 quae
1146 3618 1186 3681 fit
1199 3617 1321 3691 sensui,

261 3724 413 3805 quamvis
435 3725 605 3806 superiora
626 3723 762 3788 illorum
784 3744 853 3788 uon
874 3725 1016 3790 habeant
1032 3725 1191 3790 maiorem
1207 3728 1323 3792 stricti·

260 3841 361 3899 tatem
382 3842 415 3899 et
436 3835 713 3918 propinquitatem
735 3855 837 3917 quam
858 3836 1024 3900 inferiora.
1047 3837 1116 3901 Hoc
1137 3839 1230 3900 enim
1244 3856 1319 3903 con·

260 3953 444 4010 sueverunt>
469 3945 620 4010 homines
649 3947 774 4019 iacere,
797 3955 833 4008 ut
853 3947 973 4027 positio
996 3947 1038 4010 sit
1058 3948 1140 4010 hene
1163 3949 1322 4030 disposita

261 4061 292 4116 et
312 4057 416 4120 firma.
440 4057 528 4121 Mens
550 4073 636 4137 ergo,
658 4057 737 4137 quia
753 4065 884 4137 apparet
897 4058 928 4121 ei
943 4057 1033 4122 iuxta
1047 4060 1318 4125 consuetudinem
