3278 5364
261 529 321 594 tot

259 647 383 723 puncto
405 638 438 715 t,
462 647 495 703 et
517 640 579 703 erit
595 640 686 703 linea
707 642 744 702 kt
764 640 925 722 copulans
947 599 1107 704 terminos
1129 640 1279 716 formae,
1302 647 1336 703 et

259 753 343 814 situs
365 752 436 814 eius
459 752 522 813 erit
543 751 629 814 sicut
651 753 735 814 situs
757 753 814 813 rit.
839 752 921 825 Quia
941 751 1043 831 igitur
1062 752 1150 813 sicut
1171 749 1266 832 prius
1286 750 1337 813 di·

258 844 385 936 ximus,
408 861 564 925 distantia
584 862 675 924 visus
691 883 706 923 e
728 880 748 923 a
768 863 900 942 punctis
915 863 988 935 r,tt
1008 861 1105 924 debet
1122 877 1197 923 esse
1212 878 1335 941 aequa·

259 972 316 1046 lis,
339 978 372 1035 et
393 971 509 1051 anguli
531 972 769 1035 retractionum
792 969 958 1050 aequales,
981 970 1045 1033 erit
1062 970 1222 1033 distantia
1235 970 1268 1046 k,
1285 980 1337 1033 ta

258 1088 410 1163 punctos
424 1082 583 1162 aequalis,
599 1088 632 1144 et
644 1088 806 1162 utraeque
820 1080 928 1144 lineae
944 1081 1000 1155 ko,
1015 1082 1050 1143 at
1065 1080 1151 1145 sicut
1165 1080 1277 1145 tineae
1290 1090 1335 1154 rt,

260 1193 306 1266 ct,
322 1198 354 1254 et
368 1190 509 1271 angulus
524 1191 578 1255 tet
596 1193 681 1253 siout
697 1190 838 1270 angulus
855 1193 914 1253 tet.
930 1189 1098 1269 Trianguli
1113 1207 1193 1270 ergo
1205 1191 1268 1265 stt,
1282 1190 1336 1252 cist

261 1302 431 1365 habebunt
451 1302 607 1380 aequales
627 1299 782 1380 angulos,
798 1309 831 1364 et
845 1299 960 1380 anguli
973 1300 1102 1381 penest
1123 1306 1224 1363 erunt
1244 1299 1337 1373 recti,

261 1421 294 1475 et
315 1412 405 1475 linea
423 1413 463 1473 rt
482 1411 707 1491 aequidistans
723 1410 834 1475 lineae
848 1414 909 1485 att,
925 1418 959 1474 et
972 1409 1035 1474 erit
1048 1410 1219 1491 proportio
1233 1411 1282 1473 sit
1295 1411 1337 1473 ad

264 1523 302 1584 tu
322 1522 409 1583 sicut
430 1522 599 1601 proportio
620 1523 666 1582 da
686 1521 728 1583 ad
750 1523 802 1596 td;
828 1526 860 1587 et
885 1521 953 1581 iam
974 1519 1280 1583 demonstravimus
1300 1518 1336 1581 in

262 1630 467 1712 praetaxatis,
483 1631 572 1709 quod
587 1628 746 1710 possibile
760 1637 809 1692 est
822 1631 1020 1709 quandoque
1036 1646 1108 1693 esse
1122 1630 1170 1691 dr
1182 1628 1272 1693 siem
1283 1631 1336 1702 dt,

263 1747 295 1802 et
315 1741 513 1821 quandoque
536 1741 715 1813 minorem,
733 1741 934 1820 quandoque
948 1756 1028 1802 vero
1042 1740 1217 1803 maiorem.
1232 1737 1338 1803 Possi-

263 1849 331 1913 bile
348 1856 399 1913 est
415 1868 491 1929 crgo
515 1868 586 1913 esse
600 1851 647 1911 at
661 1850 860 1930 quandoque
876 1849 963 1912 sicut
975 1848 1027 1925 tt,
1042 1849 1244 1929 quandoque
1258 1866 1338 1913 roro

264 1962 426 2023 maiorem
449 1968 481 2022 et
502 1962 702 2040 quandoque
724 1961 901 2023 minorem.
920 1960 955 2021 Si
969 1977 1047 2022 vero
1061 1959 1165 2023 tuerit
1179 1958 1339 2024 translata

263 2072 312 2133 τὴ
332 2071 373 2132 ad
394 2069 507 2133 locum
529 2071 581 2143 tt,
609 2078 641 2133 et
667 2072 752 2133 situs
781 2071 853 2133 eius
879 2069 982 2132 fuerit
1002 2068 1090 2131 sicut
1113 2068 1200 2132 situs
1226 2068 1336 2149 illium

264 2179 405 2260 angulus
428 2178 542 2258 utique
565 2179 624 2241 ket
645 2180 855 2260 quandoque.
872 2178 935 2242 erit
959 2179 1046 2241 sicut
1070 2177 1215 2259 angulus
1237 2196 1337 2259 quent

265 2289 435 2351 subtendtt
456 2291 518 2364 zi,
539 2306 617 2350 cum
631 2289 733 2352 fuerit
748 2289 831 2351 situs
845 2295 877 2352 et
892 2287 1049 2352 dismufia
1064 2290 1138 2352 eius
1152 2289 1242 2351 sicut
1256 2288 1339 2357 situs

266 2403 298 2462 et
319 2399 473 2461 distantia
495 2398 545 2473 tt,
568 2405 601 2461 ct
621 2400 780 2479 aspicitur
801 2399 872 2461 sine
887 2399 1102 2471 retractione,
1118 2405 1153 2463 et
1167 2398 1340 2480 apparebit

266 2508 350 2570 visui
373 2528 389 2572 e
416 2509 587 2589 aequalis,
616 2515 649 2572 et
676 2509 874 2590 quandoque
903 2509 965 2571 erit
991 2509 1098 2571 maior
1119 2514 1153 2571 et
1173 2507 1340 2573 ridebitur

266 2620 395 2691 maior,
425 2619 626 2697 quandoque
657 2626 770 2681 autem
799 2618 933 2693 minor,
965 2624 998 2682 et
1026 2618 1194 2681 videbitur
1219 2618 1340 2683 minor.

267 2729 388 2792 Omnes
411 2729 510 2792 etiam
533 2746 601 2803 res,
624 2746 767 2808 quarum
790 2729 965 2793 distantiae
982 2735 1169 2809 apunotoo
1190 2728 1339 2793 minores

266 2845 345 2901 sunt
367 2856 466 2918 quam
489 2839 649 2902 medietas
672 2838 844 2902 distantiae
866 2839 974 2902 contri
995 2840 1154 2920 sphaerae
1176 2838 1212 2901 in
1234 2838 1339 2903 altom

264 2950 405 3012 laterum
435 2948 581 3029 speculi,
615 2956 812 3012 conservant
843 2950 1054 3024 distantiam,
1088 2967 1175 3030 quae
1206 2949 1340 3030 copulat
1417 2934 1422 2950 ’

266 3060 427 3123 terminos
450 3059 707 3138 magnitudinis,
733 3059 894 3122 maiorem
915 3077 1017 3140 quam
1038 3059 1231 3123 ouantium
1254 3076 1339 3140 quae

267 3177 317 3233 est
338 3171 424 3234 inter
445 3169 605 3232 terminos
626 3170 762 3232 formae.
1198 3146 1204 3157 ¹

308 3281 345 3343 ln
364 3280 507 3361 speculis
525 3280 689 3352 concavis,
704 3298 779 3342 cum
794 3288 883 3343 retro
898 3299 939 3343 ea
953 3281 1052 3344 fuerit
1067 3280 1174 3343 torma
1187 3280 1240 3344 rei
1254 3298 1340 3361 quas

267 3392 300 3452 in
324 3391 372 3453 eis
393 3391 537 3464 videtur,
560 3397 618 3452 aut
639 3389 727 3452 inter
749 3408 787 3453 ea
809 3396 842 3452 et
862 3391 986 3463 visum,
1007 3409 1061 3455 res
1083 3389 1200 3471 utique
1220 3397 1340 3465 rectae,

265 3518 344 3564 cum
366 3500 544 3563 habuerint
564 3500 667 3563 situm
685 3501 890 3579 oppositum,
904 3507 1064 3582 apparent
1076 3518 1254 3565 concavae.
1277 3502 1339 3565 Ros

268 3618 379 3673 autem
400 3607 593 3683 circulares,
615 3627 753 3690 quarum
772 3610 860 3674 latus
874 3628 1056 3675 concavum
1071 3617 1121 3674 est
1135 3628 1253 3675 versus
1262 3628 1339 3703 spe·

267 3720 382 3783 culum
404 3725 437 3783 et
458 3718 621 3782 visibilem
644 3721 777 3784 radium
794 3721 981 3794 refractum,
994 3721 1150 3784 videntur
1163 3738 1341 3799 concavam

268 3848 409 3912 quarum
441 3812 552 3893 autem
580 3831 721 3892 curvitas
749 3836 801 3895 est
826 3849 943 3894 versus
969 3830 1162 3910 speculum,
1191 3832 1339 3911 quaudo·

269 3960 333 4020 que
360 3941 513 4003 videntur
541 3959 726 4015 concavae,
756 3949 790 4005 et
817 3943 1017 4021 quandoque
1047 3949 1156 4005 rectae
1181 3948 1216 4006 et
1236 3959 1341 4023 quan·

269 4051 379 4130 doque
401 4070 531 4115 curvae.
1180 4072 1184 4077 ·
