3278 5364
1295 517 1335 580 95

263 625 564 689 circumferentiam
587 624 671 704 obp,
694 642 779 703 quae
803 630 854 686 est
868 624 1136 689 circumferentia
1150 626 1290 706 speculi,
1306 635 1340 691 et

259 734 385 799 lineam
400 741 534 808 rectam,
551 751 634 812 quae
654 731 785 812 copulat
799 740 940 812 punctos
955 754 983 808 c,
995 754 1026 812 q,·
1042 735 1243 815 quandoque
1259 754 1336 800 vero

262 862 363 923 super
378 843 484 923 ipsam
499 849 623 907 rectam
637 841 772 915 lineam,
790 850 823 905 et
838 843 1037 922 quandoque
1054 843 1141 907 inter
1156 863 1229 908 eam
1246 853 1279 908 et
1300 849 1334 922 d,

259 954 319 1032 qui
334 959 384 1015 est
397 959 549 1015 centrum
565 951 733 1032 sphaerae,
749 952 936 1014 secundum
950 952 1207 1032 profunditatem
1223 972 1339 1018 conca·

259 1061 370 1124 vitatis
385 1061 670 1124 circumferentiae
684 1079 763 1138 cap.
776 1063 813 1121 Et
823 1060 1036 1125 manifestum
1048 1069 1106 1136 est,
1119 1064 1208 1141 quod
1218 1063 1336 1126 huius-

259 1171 352 1233 modi
373 1171 498 1233 formae
521 1187 598 1233 cum
620 1170 746 1232 fuerint
767 1187 868 1250 super
890 1188 991 1233 unam
1013 1170 1148 1247 lineam,
1165 1180 1197 1235 et
1212 1172 1337 1236 fuerint

257 1281 371 1360 puncti
384 1298 427 1353 m,
438 1297 461 1343 n
475 1297 576 1359 supra
586 1279 709 1343 lineam
721 1285 856 1354 rectam,
868 1296 953 1358 quae
966 1279 1100 1360 copulat
1110 1288 1251 1361 punctos
1261 1302 1293 1358 c,
1305 1303 1335 1361 q,

259 1389 352 1451 risus
373 1408 390 1452 e
409 1388 535 1450 ridebit
556 1389 751 1451 curvitatem
773 1388 847 1451 eius
868 1406 982 1451 versus
999 1407 1054 1463 se,
1073 1395 1197 1455 etcum
1213 1391 1337 1454 fuerint

258 1497 376 1578 puncti
395 1517 444 1572 m,
458 1515 481 1561 a
502 1515 603 1577 super
624 1497 731 1583 ipsam
752 1495 892 1572 lineam,
915 1497 1080 1561 videbitur
1093 1506 1197 1574 recta,
1211 1507 1244 1563 et
1259 1519 1335 1565 cum

257 1606 383 1671 fuerint
403 1605 597 1670 remotiores
612 1607 653 1670 ab
671 1625 701 1681 e,
723 1606 888 1679 ridebitur
902 1618 1057 1672 concava.
1081 1608 1174 1681 Quod
1188 1611 1251 1672 erit
1264 1629 1335 1674 ma·

259 1715 417 1779 nifastum
433 1733 472 1778 ex
485 1715 722 1779 constitutione
735 1716 871 1790 formae,
883 1717 1150 1796 proportionibus
1164 1719 1335 1783 radiorum

258 1823 499 1887 declinantium
523 1831 556 1888 et
578 1826 618 1887 ab
641 1823 700 1887 illa
722 1831 931 1889 extensorum
952 1827 993 1888 ad
1015 1825 1125 1889 radios
1147 1833 1264 1903 rectos.

303 1934 340 1995 In
362 1933 472 1996 curvis
498 1933 640 2013 speculis
667 1940 801 2014 apparet
822 1934 929 1997 forma
950 1951 1063 1996 rerum
1084 1933 1121 1997 in
1143 1933 1202 1997 illa
1223 1945 1334 2016 parte,

257 2044 294 2105 in
316 2060 384 2122 qua
400 2049 450 2105 est
464 2060 518 2105 res
536 2060 622 2116 vere,
637 2050 758 2106 etcum
773 2061 827 2106 res
841 2042 1001 2106 videndae
1018 2043 1195 2107 translatae
1210 2045 1335 2108 fuerint
1353 2127 1355 2130 Α

261 2152 303 2215 ad
325 2151 463 2232 aliquod
484 2151 647 2226 laterum,
668 2151 775 2230 figura
803 2151 874 2215 eius
897 2152 1091 2215 transfertur
1114 2153 1156 2215 ad
1183 2155 1335 2219 eamdem

261 2269 401 2342 partem.
424 2263 499 2324 llsto
522 2260 624 2323 sectio
647 2259 762 2323 circuli
781 2260 816 2321 in
832 2277 933 2323 curvo
951 2261 1085 2341 speculo
1101 2263 1167 2341 obp
1183 2259 1249 2344 (βε.
1267 2261 1336 2346 35),

260 2371 358 2434 cuius
380 2376 531 2433 centrum
554 2369 599 2431 sit
615 2372 649 2443 d,
671 2377 704 2431 ει
718 2369 809 2431 visus
824 2387 855 2444 s,
870 2376 903 2432 et
918 2388 972 2433 res
986 2371 1128 2434 ridenda
1141 2390 1162 2434 a
1175 2370 1336 2435 lateribus

259 2480 352 2543 visus
371 2481 408 2541 in
430 2480 564 2559 punctis
583 2482 620 2554 a,
636 2496 669 2552 z,
688 2485 721 2541 et
738 2479 962 2557 refringantur
978 2479 1021 2541 ad
1037 2497 1094 2541 eos
1109 2481 1177 2543 duo
1192 2481 1276 2542 radii
1294 2481 1336 2544 ad

261 2587 419 2668 aequales
441 2569 596 2667 angulos,
619 2594 652 2650 et
667 2587 733 2649 sint
749 2605 827 2662 aaz,
841 2589 915 2662 ebt,
932 2594 964 2650 et
978 2589 1214 2668 protrahantur
1227 2589 1335 2652 lineae

260 2701 316 2772 da,
332 2698 392 2772 ct,
414 2704 448 2760 et
470 2697 649 2776 iungantur
667 2697 714 2758 eis
736 2714 813 2759 cum
830 2704 1014 2776 protractae
1035 2698 1160 2759 fuerint
1174 2717 1227 2773 aa,
1244 2700 1283 2760 cb
1300 2699 1335 2761 in

259 2805 391 2886 punctis
412 2817 440 2880 ι,
454 2806 482 2867 t.
505 2805 677 2870 videbitur
698 2823 776 2885 ergo
797 2825 816 2867 a
837 2805 872 2867 in
896 2805 970 2869 loco
986 2817 1012 2880 t,
1034 2808 1100 2869 ett
1113 2806 1147 2868 in
1166 2806 1240 2870 loco
1254 2807 1288 2882 lt,
1303 2815 1336 2871 et
1364 2887 1367 2892 1

262 2915 494 2995 uuusquisque
513 2932 629 2978 eorum
648 2915 683 2977 in
701 2933 740 2978 ea
754 2920 857 2994 parte,
872 2914 908 2977 in
924 2923 1055 2994 quaest
1070 2934 1123 2978 res
1138 2934 1224 2991 vera,
1239 2917 1335 2980 cuius

262 3025 312 3087 est
332 3025 451 3087 forma.
480 3023 712 3086 Transferatur
732 3024 843 3103 itaque
865 3027 887 3086 t
907 3025 949 3087 ad
970 3026 998 3098 ι,
1021 3032 1054 3087 ει
1074 3025 1274 3104 refringatur
1295 3027 1336 3089 ad

260 3151 340 3196 eum
355 3151 415 3213 per
429 3133 584 3212 aequales
601 3133 741 3212 angulos
755 3133 869 3195 radius
884 3135 955 3213 apl,
971 3140 1004 3195 ει
1018 3133 1230 3212 protrahatur
1243 3134 1334 3197 linea

258 3245 317 3317 at,
351 3249 386 3305 et
414 3242 526 3305 obviet
550 3243 598 3314 ei,
621 3261 698 3304 cum
727 3243 884 3322 producta
905 3242 1026 3316 fuerit,
1054 3242 1144 3309 lima
1166 3262 1206 3322 ep
1228 3243 1263 3305 iu
1286 3261 1334 3304 m.

261 3353 378 3414 Forma
400 3367 478 3430 ergo
492 3331 606 3430 ,quae
629 3359 679 3414 est
701 3352 736 3413 in
757 3356 881 3431 puncto
904 3350 940 3425 t,
966 3351 1124 3414 translata
1145 3360 1195 3415 est
1216 3353 1258 3415 ad
1279 3370 1312 3414 m
1324 3372 1335 3427 ,·

262 3459 421 3524 translata
443 3467 493 3522 est
520 3479 597 3540 ergo
627 3461 669 3523 ad
696 3460 789 3523 illam
819 3466 965 3540 partem,
989 3461 1030 3523 ad
1052 3479 1154 3540 quam
1175 3480 1229 3524 res
1250 3480 1336 3525 vera.

261 3569 396 3649 Oportet
415 3570 527 3648 itaque
550 3587 588 3632 ex
610 3571 719 3633 causis
742 3588 825 3650 quas
846 3570 1097 3650 praeposuimus
1117 3571 1154 3633 in
1176 3571 1336 3653 hisquae

262 3679 407 3740 diximus
428 3679 469 3741 de
492 3678 608 3753 forma,
624 3697 709 3758 quae
725 3669 856 3743 videtur
869 3679 905 3741 in
921 3679 1028 3760 planis
1045 3681 1198 3761 speculis,
1215 3682 1243 3742 si
1261 3699 1336 3743 con·

261 3787 469 3851 stituerimus
491 3795 630 3868 punctos
645 3791 679 3863 tr,
697 3789 708 3848 l
729 3807 828 3868 super
841 3789 967 3870 visum;
982 3793 1094 3870 puncti
1110 3793 1225 3871 utique
1240 3791 1273 3866 t,
1288 3809 1334 3866 m,

264 3898 321 3976 qui
344 3905 424 3969 sunt
445 3899 571 3960 formae
593 3901 627 3971 a,
644 3900 670 3974 l,
694 3898 815 3961 dehent
836 3899 940 3963 videri
964 3919 1063 3980 super
1079 3875 1203 3976 visum:
1219 3908 1251 3963 ει
1264 3919 1335 3961 ma-

263 3989 399 4084 gnitudo
422 4027 506 4089 quae
531 4015 580 4072 est
602 4009 688 4072 inter
711 4027 778 4085 cos,
801 4010 971 4090 apparebit
993 4028 1093 4090 supra
1114 4010 1238 4089 visum3
1257 4017 1289 4073 et
1305 4010 1342 4071 si·
