3278 5364
1294 568 1333 629 2³

259 683 379 758 quotus
401 677 504 740 fuerit
525 677 608 739 situs
624 676 755 739 basium
770 693 957 757 superrem
971 676 1160 742 videndam.
1174 676 1335 742 Possibile

257 803 391 868 quoque
410 794 460 850 est
473 786 589 850 oculos
605 787 689 849 llecti
707 786 749 850 ad
765 785 865 849 aliam
880 793 1019 868 partem,
1034 804 1137 868 quam
1151 787 1334 852 secundum

258 894 480 972 latitudinem,
494 897 553 960 sed
568 896 776 977 impossibile
790 904 841 961 est
856 896 979 962 differri
992 898 1189 962 declinando
1200 915 1334 962 sursum

189 990 192 996 ⁶
257 1005 311 1070 vel
333 1007 498 1082 deorsum,
520 1007 680 1086 quoniam
698 1008 780 1071 alter
796 1007 971 1071 oculorum
987 1026 1055 1072 non
1071 1016 1120 1072 est
1134 1011 1336 1072 constitutus

219 1106 224 1117 ⁸
258 1115 356 1179 altior
378 1114 493 1191 altero,
515 1134 577 1191 nec
598 1125 718 1181 natura
739 1116 803 1180 hoc
824 1117 978 1198 indiguit,
1002 1119 1162 1200 quoniam
1177 1136 1243 1182 non
1259 1118 1336 1181 iuu-

259 1231 383 1304 guntur
397 1225 583 1289 secundum
597 1226 866 1306 profunditatem,
882 1226 940 1291 sed
953 1227 1039 1292 situs
1053 1245 1171 1292 eorum
1185 1225 1336 1309 aequalis

260 1341 324 1411 est,
346 1343 381 1400 et
402 1335 607 1400 conveniunt
627 1336 713 1400 radii
734 1354 850 1401 eorum
867 1337 1065 1403 declinando
1080 1338 1122 1402 ad
1137 1337 1250 1402 latera.
1271 1339 1337 1401 Du·

259 1445 454 1510 ditationem
484 1446 640 1528 quidem,
669 1464 754 1527 quae
781 1447 817 1510 in
848 1447 900 1512 his
928 1448 1093 1530 contingit
1114 1467 1153 1512 ex
1173 1448 1222 1513 eis
1249 1463 1336 1528 quae

260 1565 430 1652 apparent,
452 1565 486 1622 et
507 1574 566 1641 per
581 1558 819 1623 scrutationem
833 1559 874 1624 de
890 1578 1094 1643 unaquaque
1110 1578 1224 1624 rerum
1239 1577 1337 1642 appa·

260 1671 404 1734 rentium
427 1687 493 1751 quo
515 1678 660 1752 apparet,
680 1688 883 1752 exponemus
898 1672 933 1734 in
950 1678 1099 1753 tempore
1114 1680 1147 1736 et
1160 1672 1233 1736 loco
1249 1689 1337 1736 ccm-

259 1782 395 1861 petenti,
406 1800 450 1847 ne
464 1785 724 1863 interrumpatur
735 1782 770 1845 id
782 1783 872 1864 quod
885 1782 1073 1864 significare
1087 1783 1334 1866 proposuimus.

208 1969 212 1976 .
303 1891 564 1972 Magnitudinem
577 1910 657 1956 vero
673 1893 842 1974 cognoscit
852 1892 956 1969 risus,
970 1894 1103 1974 quando
1117 1893 1268 1957 diametri
1280 1895 1338 1958 ha·

262 2006 327 2079 sis,
342 2021 427 2083 quae
443 2009 494 2067 est
507 2022 606 2086 super
619 2021 692 2068 rem
706 2004 899 2078 videndam,
914 2003 1039 2068 hahent
1053 2003 1249 2070 sensibilem
1263 2023 1339 2086 pro-

261 2115 451 2194 portionem
473 2115 515 2178 ad
537 2114 726 2178 distantiam
756 2114 848 2178 inter
864 2133 926 2179 nos
950 2114 1096 2178 stillam
1120 2116 1341 2192 existentem,

264 2226 354 2307 quod
369 2226 406 2289 fit
421 2244 497 2289 cum
510 2226 607 2302 radii,
618 2226 676 2306 qui
691 2243 765 2289 eam
780 2226 962 2302 continent,
977 2226 1213 2290 constituerint
1230 2225 1337 2291 sensi·

263 2337 363 2401 bilem
378 2336 539 2418 angulum
553 2338 589 2399 in
606 2338 711 2418 capite
725 2335 924 2419 pyramidis3
942 2341 974 2400 et
985 2335 1049 2400 hac
1061 2336 1102 2400 de
1115 2354 1217 2401 causa
1227 2335 1339 2419 plures

262 2448 518 2529 magnitudines,
526 2465 612 2528 quae
623 2465 727 2530 prope
738 2448 914 2512 existentes
925 2448 1090 2524 videntur,
1100 2465 1169 2511 non
1182 2454 1341 2529 apparent

264 2577 283 2622 a
302 2558 411 2639 longe,
436 2559 596 2640 quoniam
610 2558 695 2621 radii
708 2557 895 2638 iunguntur
907 2557 944 2620 in
961 2558 1099 2621 remotis
1115 2557 1294 2634 distantiis,
1309 2563 1341 2621 et

263 2669 391 2731 faciunt
412 2667 571 2748 angulum
592 2685 691 2748 quem
715 2668 889 2731 continent
909 2667 1117 2732 insensibilis
1136 2667 1341 2748 quantitatis.

263 2779 386 2843 Accidit
406 2785 518 2842 autem
539 2779 660 2842 maiori
682 2777 882 2859 angulorum
907 2777 1007 2841 unius
1029 2778 1211 2859 pyramidis
1231 2778 1340 2858 magia

265 2889 434 2954 continere
445 2890 487 2953 de
499 2889 601 2954 radiis
611 2888 808 2966 visibilibus,
818 2906 887 2952 non
897 2895 1009 2952 tamen
1021 2888 1191 2969 cognoscit
1202 2886 1342 2951 visibilis

264 3016 381 3063 sensus
403 3016 473 3064 rem
495 3017 570 3064 esse
591 3000 752 3063 maiorem
774 3005 907 3080 propter
924 2998 1176 3063 multitudinem
1190 2997 1340 3062 inciden-

264 3109 349 3174 tium
362 3111 411 3174 ibi
424 3111 595 3176 radiorum
610 3111 695 3187 eius;
708 3117 750 3173 ut
767 3110 904 3190 quidam
920 3110 1191 3174 existimaverunt
1204 3124 1339 3172 causam

265 3221 483 3286 attribuentes
505 3221 690 3295 distantiae,
711 3219 867 3284 videlicet
887 3220 978 3300 quod
997 3236 1076 3282 cum
1093 3237 1161 3284 una
1175 3225 1209 3283 et
1223 3219 1340 3283 eedem

264 3332 457 3412 magnitudo
471 3331 601 3416 videtur
615 3330 757 3412 alonge,
773 3336 910 3412 apparet
922 3329 1033 3393 minor
1046 3337 1181 3410 propter
1193 3329 1340 3410 paucita-

266 3449 333 3506 tem
353 3443 539 3520 radiorum,
562 3441 621 3522 qui
643 3459 745 3520 super
768 3458 842 3504 eam
860 3440 993 3515 cadunt,
1009 3447 1042 3503 et
1055 3455 1269 3520 naquaquam
1285 3456 1340 3520 ap·

265 3560 368 3635 paret,
389 3552 523 3633 quando
546 3551 632 3615 nihil
652 3551 816 3615 de-radiis
839 3549 970 3631 attingit
991 3567 1074 3624 eam,
1091 3566 1169 3613 cum
1185 3549 1342 3612 ceciderit

267 3664 302 3727 in
318 3664 483 3728 deiectum
499 3670 532 3727 et
545 3662 769 3726 minutionem
789 3661 973 3739 radiorum3
996 3661 1055 3725 sed
1068 3667 1189 3725 neutra
1202 3659 1342 3723 istarum

266 3776 507 3839 sententiarum
519 3792 599 3838 vera
612 3780 675 3850 est,
687 3773 848 3856 quoniam
863 3790 933 3837 non
945 3772 1079 3837 videtur
1092 3769 1221 3851 aliquid
1234 3769 1344 3832 maius

268 3893 323 3950 aut
344 3886 459 3950 minus
480 3891 615 3966 propter
635 3883 887 3948 multitudinem
908 3882 1078 3947 radiorum
1100 3881 1194 3944 usus
1210 3884 1244 3944 et
1257 3896 1340 3960 pau-

266 3997 398 4061 citatem
420 4014 537 4060 corum
558 4002 704 4070 tantum,
726 4012 803 4058 cum
826 3980 894 4058 non
916 3994 1018 4058 fuerit
1038 3990 1212 4055 diversitas
1233 4006 1343 4071 quan·

266 4107 367 4172 titatis
380 4091 551 4173 radiorum
565 4125 604 4172 ex
617 4107 803 4189 quantitate
818 4102 942 4186 anguli,
956 4105 1015 4169 sed
1028 4120 1067 4168 ex
1078 4099 1344 4169 accumulatione
