3278 5364
1280 529 1318 590 59

258 639 350 722 quod
372 641 437 702 sint
459 638 620 719 ampliora
642 641 729 715 (sict,
752 639 900 716 quamvis
923 639 989 700 sint
1008 656 1207 713 econverso,
1229 644 1322 718 putat

258 751 317 813 iila
338 768 412 814 vere
435 748 512 812 taiia
534 767 616 822 esse,
639 749 797 827 quoniam
818 766 911 809 mens
926 748 1142 810 existimatote
1157 749 1221 821 hie,
1237 765 1319 827 quae

260 858 369 923 taliter
389 860 658 932 constituuntur‚,
672 859 761 939 quod
779 858 919 922 habeant
935 859 1188 937 aequidistantia
1201 857 1319 931 latera;

259 989 338 1034 nam
358 988 433 1033 cum
448 970 529 1032 haee
543 970 666 1034 inerint
680 976 765 1032 reete
781 976 898 1043 ereata,
913 975 992 1031 suut
1006 987 1103 1049 super
1115 968 1320 1031 horizontem

260 1081 302 1144 ad
323 1088 429 1144 rectos
448 1078 597 1160 angulos.
614 1081 677 1142 Res
694 1085 805 1160 autem
819 1097 904 1159 quae
920 1085 997 1141 sunt
1011 1085 1135 1142 erectae
1151 1097 1248 1159 super
1261 1077 1320 1140 ho·

259 1191 419 1253 rinontem
440 1190 483 1253 ad
503 1196 608 1253 rectos
630 1165 779 1269 angulos,
794 1195 874 1252 sunt
891 1189 1157 1269 aequidistantes‚
1172 1189 1231 1251 sed
1243 1205 1321 1250 oum

259 1318 328 1363 non
355 1301 403 1364 ita
423 1318 459 1363 se
480 1299 674 1374 habuerint,
700 1306 738 1362 ut
764 1298 842 1363 iliae
864 1316 949 1379 qnae
970 1317 1038 1363 non
1059 1299 1182 1362 hahent
1203 1297 1327 1378 aequit

259 1409 415 1473 distantia
434 1408 554 1484 latera,
574 1426 669 1472 meus
690 1415 782 1489 putat
803 1409 893 1489 quod
914 1427 1019 1472 unum
1042 1409 1091 1472 de¹
1105 1409 1235 1472 duobus
1257 1425 1319 1488 op-

259 1519 376 1602 positis
397 1519 553 1584 lateribus
573 1521 617 1582 sit
636 1518 745 1582 maius
767 1535 867 1598 quam
889 1527 948 1583 est.
971 1521 1021 1582 Fit
1036 1520 1136 1582 etiarn
1151 1519 1187 1582 in
1202 1519 1320 1581 motio·

260 1630 359 1695 nibus
384 1629 468 1693 falsa
495 1631 630 1710 opinio,
658 1631 745 1692 siout
770 1630 887 1693 accidit
908 1631 942 1692 in
965 1630 1115 1693 curribus
1137 1646 1320 1724 equorum,

260 1743 393 1824 quando
413 1749 524 1805 motus
545 1759 662 1806 eorum
683 1760 752 1804 non
767 1726 867 1805 fuerit
880 1741 988 1820 relox;
1010 1759 1129 1806 sensus
1146 1742 1237 1806 enim
1252 1760 1320 1805 uon
1343 1793 1348 1801 .

260 1853 347 1915 eadit
368 1870 468 1933 super
487 1859 597 1933 portes
616 1868 749 1928 eorum,
770 1851 828 1916 sed
849 1852 937 1915 eadit
952 1870 1054 1933 snper
1068 1869 1172 1932 equos
1187 1858 1220 1915 et
1233 1857 1321 1914 rotas

261 1960 384 2024 simui·
395 1962 470 2026 Nos·
482 1969 591 2025 autom
613 1968 786 2043 putamus,
804 1980 879 2025 eum
894 1959 969 2025 illas
983 1962 1215 2042 aspexerimus,
1230 1961 1321 2040 quod

260 2072 337 2152 eqni
357 2071 512 2136 velociter
532 2073 666 2147 vadant,
688 2078 722 2136 et
742 2071 877 2152 quia-in
897 2071 1089 2135 huiusmodi
1107 2071 1218 2145 rebus,
1234 2087 1320 2150 quae

261 2189 434 2246 transeunt
452 2182 605 2262 aequales
627 2183 824 2257 distantiass
836 2179 955 2245 aoeidit
973 2181 1044 2245 hoo
1058 2182 1132 2245 fieri
1148 2182 1185 2243 in
1198 2190 1323 2260 tempo·

260 2293 353 2355 ribus
379 2291 608 2373 aequalibus,-
624 2299 656 2355 et
676 2291 761 2355 iilud
782 2293 826 2354 sit
846 2308 1024 2356 commune
1047 2292 1143 2373 equis
1165 2298 1198 2353 et
1218 2291 1320 2364 mtis3
1370 2352 1372 2357 .

260 2420 307 2466 ex·
318 2402 404 2465 uotis
420 2410 531 2466 autern
549 2410 680 2484 propter
692 2406 884 2482 parvitatem
897 2402 1091 2481 quantitatis
1105 2419 1219 2466 earum
1236 2401 1321 2464 fiunt

260 2512 370 2594 piures
391 2513 600 2593 repetitiones
621 2512 919 2586 involutionibus,
942 2530 1025 2592 quae
1048 2518 1128 2574 sunt
1145 2517 1254 2574 motus
1268 2530 1321 2604 aa·
1444 2535 1451 2546 ·

261 2642 356 2699 rum,
377 2630 411 2688 et
430 2623 594 2688 estvelox
616 2630 649 2686 et
664 2624 864 2713 ἵοᾳηυίηιιιιες,
885 2640 980 2687 mens
1003 2622 1216 2686 ratiooinatur
1236 2623 1322 2685 inter

261 2739 390 2797 motum
416 2740 450 2797 et
473 2732 660 2796 solutiones
681 2735 720 2797 de
743 2732 957 2814 aequalitate,
984 2732 1129 2813 generali
1148 2733 1321 2796 ratiocina-

261 2845 364 2922 tione,
387 2849 420 2907 et
438 2850 534 2925 putat
554 2842 644 2922 quod
666 2844 822 2906 transitus
845 2860 1006 2923 equorum
1029 2842 1072 2903 sit
1093 2841 1196 2905 velox.

303 2955 361 3018 iiio
382 2962 431 3017 eet
451 2971 527 3033 ergo
549 2954 626 3015 finis
641 2971 756 3017 eorum
771 2972 855 3034 quae
871 2953 1013 3016 diximus
1026 2953 1062 3014 in
1077 2953 1240 3033 praesenti
1255 2970 1321 3015 ser-

261 3080 360 3128 mone
380 3066 420 3128 de
441 3063 686 3144 deceptionibus
709 3071 742 3128 et
762 3065 877 3140 rebus,
894 3064 929 3126 in
944 3063 1067 3143 quibus
1083 3062 1207 3126 fallitur
1219 3063 1320 3125 visus.
