3278 5364
1304 537 1343 597 75

272 643 433 707 siderium
457 645 616 724 exquisite
641 644 941 722 consprehendeudi
965 661 1016 706 res
1031 645 1198 717 videndas,
1214 663 1345 724 semper

270 754 370 816 volvit
393 771 467 816 axes
489 755 576 827 eius,
592 770 766 834 quousque
782 754 875 816 locus
892 754 1137 816 coniunctionis
1152 771 1269 816 eorum
1285 755 1343 818 fiat

271 864 306 924 in
321 864 439 926 'medio
455 863 694 943 magnitudinis
709 880 810 943 quam
825 863 1084 941 comprehendit,
1101 871 1134 924 et
1149 864 1289 925 ducatur
1303 864 1345 924 ad

270 972 472 1051 positionem
496 972 608 1046 illam,
632 992 717 1052 quae
740 973 778 1034 tit
798 973 983 1035 secundum
1006 973 1259 1053 oppositionem,
1278 989 1344 1051 qua

270 1088 427 1161 apparent
455 1081 530 1146 loca
557 1082 779 1161 subiectarum
806 1081 926 1148 rerum,
941 1099 1017 1144 vere
1040 1089 1072 1143 et
1093 1081 1274 1160 diligenter.
1308 1080 1342 1143 Si

268 1209 347 1253 ¹vero
364 1191 458 1255 aliter
472 1190 584 1266 luerit,
600 1199 633 1255 et
646 1191 802 1255 distantia
824 1190 888 1253 loci
910 1191 1155 1254 coniunctionis
1177 1191 1286 1253 axium
1302 1191 1342 1253 ab

270 1307 411 1380 utraque
433 1307 524 1381 parte
546 1317 614 1363 nou
638 1300 738 1363 fuerit
759 1300 927 1380 aequalis,
949 1307 988 1362 ut
1010 1318 1064 1363 res
1084 1300 1128 1361 sit
1148 1300 1342 1372 manifesta,

268 1427 337 1471 nou
359 1409 423 1472 erit
445 1409 601 1473 distantia
622 1410 694 1473 eius
717 1429 736 1471 a
756 1427 835 1472 vero
857 1408 972 1483 multa,
996 1411 1155 1488 quoniam
1173 1426 1250 1470 cum
1266 1425 1341 1471 axes

268 1519 582 1598 quomodocumque
604 1517 729 1582 luerint
750 1518 951 1581 declinantes
970 1519 1011 1581 ud
1031 1517 1172 1581 alterum
1187 1516 1342 1590 laterum,

225 1661 226 1664 ¹
269 1634 405 1708 apparet
424 1628 598 1692 diversitas
619 1646 731 1691 rerum
752 1646 821 1690 non
844 1628 1030 1702 manifeste,
1052 1629 1111 1690 sed
1132 1634 1183 1690 est
1203 1628 1343 1689 confusa

266 1745 401 1819 propter
421 1738 846 1818 magnamdiversitatem,
872 1754 956 1817 quae
979 1737 1016 1799 fit
1036 1755 1057 1799 a
1078 1736 1161 1799 locis
1185 1754 1340 1817 apparen-

266 1847 355 1909 tibus
376 1853 410 1910 et
429 1852 565 1927 propter
593 1847 797 1909 debilitatem
824 1846 995 1909 radiorum
1021 1844 1220 1908 lateralium,
1254 1844 1339 1917 Quid

264 1956 367 2034 igitur
388 1956 505 2020 accidit
517 1974 556 2019 ex
569 1973 682 2018 rerum
704 1956 869 2036 positione
886 1955 1069 2018 secuudum
1083 1954 1339 2034 oppositionem,

268 2071 307 2127 ut
328 2066 486 2140 diximus,
508 2066 772 2128 demonstratum
796 2072 857 2127 est.

306 2174 418 2248 Qualis
440 2150 551 2239 autem
574 2174 618 2237 sit
639 2174 771 2237 habitus
792 2175 828 2236 in
851 2171 1071 2236 declinatione
1086 2171 1262 2244 adiutem,
1281 2188 1336 2233 co·

263 2301 462 2362 gnoscemus
484 2282 543 2345 tali
565 2284 674 2346 modo.
698 2283 843 2345 Ponatur
864 2287 963 2362 caput
977 2280 1112 2344 alterius
1127 2280 1338 2360 pyramidum

257 2400 405 2471 'punctus
425 2412 445 2456 o
468 2393 613 2472 (finiit,
636 2399 670 2455 et
684 2393 905 2469 coniungatur
918 2391 1041 2454 iterum
1056 2390 1243 2452 communis
1259 2388 1338 2460 aris,

263 2502 323 2582 qui
346 2509 396 2565 est
415 2504 478 2581 pb,
509 2509 542 2565 et
563 2501 631 2564 axis
653 2503 818 2580 absuper
840 2500 1060 2579 punctumb,
1083 2505 1116 2561 et
1137 2497 1337 2578 producatur

264 2609 434 2691 quaelibet
453 2609 558 2685 linea,
581 2618 613 2673 et
634 2610 676 2672 sit
694 2611 803 2682 dealt,
826 2615 859 2672 et
873 2607 1109 2689 protrahantur
1125 2625 1144 2669 a
1158 2606 1335 2686 punctisd,

262 2721 332 2793 ab
352 2719 639 2805 perpendiculares
661 2736 761 2799 super
779 2719 795 2778 b
802 2737 831 2796 p,
854 2724 887 2781 et
904 2717 972 2779 sint
989 2717 1065 2791 ott,
1086 2717 1133 2790 et,
1155 2735 1225 2788 mit,
1244 2723 1278 2777 et
1292 2714 1336 2777 sit

261 2832 303 2891 ds
325 2829 475 2911 aequalis
488 2828 596 2893 lineae
613 2829 667 2901 tc,
689 2836 721 2891 et
735 2827 907 2908 copuletur
919 2828 969 2901 st,
985 2833 1018 2889 et
1033 2826 1233 2906 producatur
1248 2841 1334 2904 quo-

263 2956 369 3019 usque
390 2938 546 3018 iungatur
558 2936 643 3000 'cum
665 2938 756 3001 linea
774 2938 839 3010 ab,
855 2954 932 2999 cum
947 2937 1104 3016 producta
1120 2934 1219 2997 luerit
1236 2951 1336 3012 super

260 3055 421 3127 punctum
442 3050 464 3110 ι’.
484 3046 634 3109 Dicimus
657 3064 734 3124 ergo
757 3046 845 3124 quod
866 3046 939 3107 deb
959 3043 1131 3123 apparebit
1152 3042 1249 3117 visui,
1273 3041 1334 3120 qui

262 3166 313 3220 est
332 3156 368 3218 in
389 3161 513 3237 puncto
534 3173 567 3230 c,
591 3154 680 3236 quod
702 3154 745 3216 sit
765 3155 873 3234 posita
894 3171 995 3232 super
1008 3155 1073 3228 sli,·
1091 3152 1180 3230 quod
1193 3151 1334 3228 itaquee

261 3265 430 3346 apparebit
451 3264 485 3326 in
506 3263 580 3326 loco
595 3264 710 3343 puncti
726 3264 753 3338 t,
769 3269 803 3326 et
815 3266 835 3324 d
849 3261 1019 3342 apparebit
1032 3262 1068 3322 in
1086 3243 1160 3322 loco
1176 3258 1332 3338 punctis,

259 3375 474 3438 manifestum
502 3379 552 3436 est
574 3391 612 3435 ex
633 3371 916 3451 praecedentibus.
946 3370 1040 3433 Nunc
1062 3367 1174 3431 autem
1197 3368 1333 3429 demon·

259 3491 413 3555 suemus,
436 3482 526 3561 quod
547 3489 690 3562 punctus
706 3481 728 3542 t
743 3480 911 3542 videbitur
925 3478 960 3540 in
976 3484 1099 3558 puncto
1120 3479 1149 3548 i,
1171 3475 1262 3555 quod
1277 3493 1332 3553 ap·

258 3590 396 3672 parebit,
411 3591 439 3653 si
457 3590 698 3665 ostenderimus
716 3589 805 3666 quod
821 3589 864 3664 1ιρ
879 3593 929 3649 est
944 3585 1032 3648 sicut
1044 3604 1116 3648 mo.
1131 3584 1215 3659 Quia
1228 3583 1331 3662 igitur

257 3701 426 3782 proportio
447 3699 484 3761 ct
506 3699 547 3762 ad
568 3701 616 3761 tm
637 3699 723 3760 sicut
743 3697 911 3777 proportio
935 3706 967 3756 te
982 3696 1024 3759 ad
1039 3711 1097 3768 ec.
1113 3701 1146 3757 et
1160 3692 1329 3773 proportio

254 3809 294 3876 ,Η
315 3809 357 3872 ad
379 3810 428 3870 tm
450 3816 487 3869 ut
507 3807 675 3888 proportio
703 3791 742 3868 its
764 3807 897 3879 admi,
920 3809 952 3866 et
973 3804 1141 3885 proportio
1165 3811 1205 3862 te·
1221 3801 1263 3865 ad
1283 3817 1330 3860 an

258 3924 296 3979 ut
317 3917 484 3998 proportio
508 3920 544 3980 td
565 3917 606 3979 ad
629 3918 688 3989 bc,
705 3914 767 3978 erit
780 3914 948 3997 proportio
970 3912 1011 3974 bs
1034 3911 1075 3973 ad
1090 3913 1140 3972 mi
1154 3909 1241 3971 sicut
1256 3925 1330 3989 pro·

258 4026 366 4106 portio
389 4028 425 4088 td
448 4025 489 4088 ad
502 4028 563 4089 bc.
580 4023 794 4089 Permutatim
818 4039 894 4101 ergo
912 4021 976 4084 erit
991 4019 1157 4102 proportio
1171 4016 1211 4080 ts
1230 4016 1272 4079 ad
1291 4018 1329 4078 td
