3278 5364
1272 572 1329 636 1311

261 701 293 758 3,
310 683 326 744 b
346 683 387 744 ad
406 682 554 762 opposita
568 684 615 745 eis
631 682 704 744 loca
719 685 762 744 od
778 690 809 744 et
825 685 875 754 be,
894 691 925 745 et
943 683 1112 763 copuletur
1127 682 1217 746 linea
1231 683 1283 761 de,
1299 691 1332 746 31

263 792 424 855 dividatur
447 793 585 871 angulus
608 796 673 854 ode
693 793 729 853 in
752 793 832 854 duas
854 792 1046 855 medietates
1062 812 1119 873 per
1134 793 1257 856 lineam
1275 797 1332 868 dz,

261 911 293 964 et
315 903 452 983 angulus
475 906 539 966 bed
560 905 593 965 in
618 905 698 966 duas
714 904 905 966 medietates
920 922 979 984 per
992 903 1114 966 lineam
1133 906 1187 978 eb,
1210 911 1242 966 et
1257 923 1329 985 pro·

260 1012 432 1076 trahantur
453 1033 552 1094 super
564 1017 607 1076 dz
629 1022 661 1076 et
682 1032 778 1095 super
793 1016 836 1076 alt
850 1015 933 1076 dnae
949 1015 1234 1093 perpendiculares
1249 1015 1294 1077 td
1301 1025 1326 1087 1,

262 1127 341 1198 lem,
365 1142 448 1203 quae
471 1126 695 1187 existimentur
718 1143 788 1187 esse
812 1125 894 1187 duae
910 1133 1016 1187 rectae
1031 1125 1136 1188 lineae
1152 1125 1187 1186 in
1201 1125 1329 1188 duobus

259 1235 365 1315 planis
388 1235 546 1314 speculis,
570 1211 751 1298 secundum
773 1236 944 1316 principia,
967 1253 1107 1314 quorum
1129 1235 1328 1315 positionem

261 1346 529 1426 praetaxavimus.
555 1346 619 1407 llrit
637 1364 712 1425 ergo
730 1345 947 1408 reverberatio
963 1345 1004 1408 ad
1020 1344 1173 1426 aequales
1189 1344 1327 1425 angulos

260 1475 358 1538 super
371 1456 494 1520 lineam
507 1460 555 1530 de,
572 1465 604 1519 et
615 1459 677 1519 erit
688 1456 903 1519 reverberatio
915 1459 954 1518 de
969 1475 1068 1538 super
1080 1458 1127 1532 eb;
1140 1455 1329 1518 huiusmodi

262 1567 352 1630 enirn
365 1567 474 1629 lineae
488 1569 658 1630 continent
669 1585 743 1629 cum
753 1567 1075 1646 perpendicularibus
1088 1584 1187 1646 super
1198 1565 1331 1647 specula

261 1678 453 1740 cadentibus
476 1678 628 1757 aequales
648 1677 796 1757 angulos.
815 1677 961 1741 Visibilis
979 1677 1067 1739 enim
1083 1677 1195 1739 radius
1209 1694 1328 1757 proce-

260 1789 340 1850 dens
363 1789 402 1851 ab
417 1808 437 1851 a
455 1789 651 1867 refringitur,
669 1795 780 1867 utpote
796 1789 895 1862 oded,
912 1795 943 1849 et
957 1788 1099 1849 sentitur
1116 1805 1169 1849 res
1187 1787 1329 1850 videnda

259 1900 292 1959 in
310 1899 340 1973 b,
363 1900 408 1960 ita
429 1898 595 1972 videlicet,
618 1904 654 1959 ut
674 1898 780 1959 forma
802 1899 872 1959 eius
895 1897 1013 1960 similis
1037 1899 1080 1958 sit
1103 1897 1217 1977 primis
1239 1898 1327 1985 prin·

259 1987 361 2087 313113
388 2009 422 2069 in
450 2008 522 2071 loco
551 2007 697 2088 speculi,
725 2026 790 2086 quo
819 2008 1020 2069 conveniunt
1051 2000 1330 2088 perpendicularis

260 2119 381 2180 cadens
404 2138 423 2180 a
446 2137 479 2180 re
502 2119 643 2181 videnda
665 2136 762 2197 super
785 2118 968 2198 speculum,
993 2125 1024 2180 et
1041 2117 1131 2181 linea
1144 2124 1232 2180 recta
1247 2135 1330 2196 quae

260 2230 406 2308 procedit
427 2248 446 2290 a
465 2231 550 2291 visu.
569 2229 668 2291 Linea
691 2234 799 2300 autem
817 2247 900 2308 quae
917 2234 967 2290 est
982 2228 1163 2290 secundum
1179 2229 1330 2291 directio-

259 2359 336 2402 nem
358 2340 496 2403 visibilis
518 2341 613 2416 radii,
636 2359 704 2402 una
725 2347 773 2402 est
795 2357 933 2418 semper,
955 2347 987 2401 et
1010 2346 1059 2400 est
1075 2343 1133 2416 ed;
1156 2340 1329 2420 perpendi·

259 2451 385 2513 culares
401 2458 510 2514 autem
527 2470 609 2531 quae
623 2451 849 2530 producuntur
865 2469 932 2511 are
950 2450 1099 2524 videnda,
1115 2450 1226 2530 plures
1243 2457 1330 2524 sunt,

260 2570 292 2624 et
319 2581 477 2625 numerus
508 2580 621 2625 earum
640 2548 790 2642 'aequalis
814 2569 862 2623 331
884 2579 1020 2623 numero
1043 2560 1274 2640 speculorum,
1298 2571 1330 2623 31

260 2673 463 2752 impossibile
486 2680 534 2735 est
556 2672 631 2734 illas
648 2691 763 2734 omnes
782 2672 957 2734 convenire
976 2672 1011 2733 in
1034 2671 1100 2734 situ
1120 2671 1219 2752 primi
1231 2673 1331 2745 visus,

261 2784 319 2846 sed
340 2784 427 2845 cadit
448 2783 524 2845 inde
548 2801 646 2862 super
667 2781 775 2861 ipsum
798 2779 968 2861 speculum
992 2789 1130 2860 punctus
1152 2788 1331 2855 utentum,

259 2894 317 2973 qui
340 2900 389 2956 est
410 2895 607 2955 novissimus
629 2892 828 2971 reliquamm
853 2891 1187 2972 perpendicularium,
1210 2891 1269 2954 ubi
1295 2892 1332 2953 fit

259 3000 470 3067 consistentia
493 3002 630 3064 visibilis
652 3003 735 3064 radii
758 3002 856 3082 primi
875 3021 975 3081 penes
991 3001 1159 3082 speculum
1182 3003 1330 3081 utrisque

257 3134 450 3189 commune,
473 3114 654 3176 secundum
672 3113 890 3192 principium,
909 3114 995 3192 quod
1017 3096 1266 3211 pra'epoQ'mus
1289 3113 1329 3173 de

258 3226 444 3289 visibilibus
466 3225 580 3298 radiis3
605 3233 636 3286 et
658 3242 732 3285 cum
751 3223 850 3286 luerit
865 3230 1023 3304 protracta
1040 3242 1058 3285 a
1072 3230 1194 3304 puncto
1210 3223 1226 3283 b
1243 3222 1282 3284 ad
1298 3225 1330 3284 te

197 3410 200 3417 Ι
257 3336 534 3419 perpendicularis
561 3337 639 3408 hm,
668 3351 836 3413 quousque
865 3334 1017 3413 iungatur
1038 3336 1097 3407 de,
1127 3350 1202 3394 cum
1230 3333 1328 3395 luerit

257 3449 413 3529 producta
434 3449 468 3508 in
491 3454 661 3526 punctos,
684 3445 745 3508 erit
766 3445 891 3525 primus
914 3444 1129 3507 terminorum
1151 3444 1329 3524 perpendi·
1352 3442 1355 3447 ’

258 3558 378 3621 cularis
401 3564 539 3638 punctus
554 3575 588 3628 3,
611 3556 669 3634 qui
691 3563 741 3617 est
762 3554 879 3617 ultima
893 3554 1141 3633 refractionum,
1160 3571 1243 3633 quae
1259 3553 1332 3614 1113

258 3676 378 3748 puncto
400 3687 424 3728 e.
448 3670 484 3728 Et
506 3667 625 3744 iterum
647 3684 722 3728 cum
745 3665 785 3728 ab
809 3665 881 3745 ipso
904 3673 1024 3745 puncto
1047 3671 1210 3745 protracta
1229 3662 1329 3725 fuerit

261 3779 537 3860 perpendicularis
560 3778 664 3852 3111,
686 3784 722 3838 ut
745 3776 803 3851 lvo,
828 3776 915 3855 quod
933 3775 1087 3857 possibile
1104 3781 1167 3848 est,
1184 3791 1258 3836 cum
1275 3792 1331 3836 an·

260 3888 354 3968 galus
377 3890 442 3951 eet
467 3890 564 3951 luerit
590 3893 723 3960 acutus,
754 3888 800 3948 ita
826 3894 863 3949 ut
888 3887 1041 3967 iungatur
1063 3884 1185 3946 visibili
1213 3885 1327 3956 radic,

260 4000 316 4080 qui
334 4007 383 4063 331
395 4003 456 4072 ad,
474 4017 549 4061 cum
565 3999 663 4061 luerit
678 3997 862 4078 productus,
878 3999 911 4058 in
927 4016 950 4072 s,
967 3997 1029 4060 erit
1041 3996 1156 4074 utique
1171 3997 1330 4058 terminus

259 4110 537 4192 perpendicularis
569 4109 769 4173 novissimae
802 4115 941 4189 punctus
962 4127 990 4183 s,
1016 4108 1073 4188 qui
1096 4115 1146 4171 331
1166 4106 1273 4186 prima
1294 4121 1333 4171 ex
