3278 5364
1276 526 1336 591 lit

261 653 330 699 non
352 640 404 699 est
423 632 460 697 in
482 632 558 698 looo
581 634 758 698 terminato
780 652 842 696 neo
864 642 1069 714 segregatum
1092 643 1113 699 a
1134 636 1240 702 forma
1255 645 1337 720 mre,

261 747 323 811 sed
334 747 471 810 'videtur
492 746 524 809 ei
544 749 754 821 continuum,
772 746 923 827 quamvis
938 747 981 809 sit
995 747 1083 811 intra
1096 747 1281 828 speculum,
1294 770 1337 815 ne

260 858 460 924 continuum
482 858 686 925 existimetur
702 876 774 921 esse
792 858 1025 939 disgregatum.
1045 861 1131 923 llum
1145 862 1337 942 igituroon·

259 964 388 1033 innotio
402 987 487 1052 quae
501 969 540 1033 flt
552 987 668 1033 versus
682 969 869 1050 speculum,
883 971 927 1032 sit
939 971 1114 1035 terminata
1127 970 1162 1034 iu
1175 981 1296 1052 punoto
1309 976 1334 1050 t,

259 1081 407 1164 potentii
426 1082 624 1146 transfertur
644 1081 763 1164 positio
784 1081 804 1144 t
826 1083 868 1144 ad
888 1080 1100 1165 punctum'l,·
1119 1090 1157 1148 nt
1178 1085 1336 1166 iungatur

259 1191 397 1255 residuo
417 1191 536 1268 torma,
550 1199 583 1256 et
596 1191 656 1254 flat
668 1210 782 1256 secum
796 1193 967 1267 ooutinua,
981 1193 1256 1258 videlieetlineae
1271 1198 1336 1273 llso,

259 1320 348 1384 qnae
368 1301 527 1367 translata
547 1308 596 1366 est
617 1303 659 1366 ad
677 1304 816 1367 eandem
835 1309 977 1384 partem,
993 1303 1177 1367 et-habehit
1191 1303 1333 1369 formam

258 1413 448 1477 seeundum
470 1430 663 1477 mensuram
685 1414 843 1476 transitus
864 1414 943 1494 ltqo,
965 1420 1004 1476 ut
1023 1418 1233 1478 eonvertatur
1246 1416 1289 1478 ad
1301 1416 1336 1479 id

259 1523 431 1605 quot-est
448 1523 675 1605 ‘propinquius
697 1530 890 1587 transeunte
911 1524 1037 1601 torma,
1058 1543 1144 1605 quae
1165 1525 1336 1606 proprium

259 1633 373 1698 losum
394 1633 577 1698 nonhabet
591 1635 633 1698 ad
647 1634 913 1699 convenientiam
927 1635 982 1705 rei.
993 1635 1208 1699 terminatum
1223 1635 1336 1699 lotum

258 1744 422 1809 habentis.
445 1744 491 1808 Ne
512 1744 625 1825 itaque
646 1749 837 1826 repetamus
859 1761 1064 1819 sermonem,
1081 1744 1223 1808 dicimus
1242 1746 1336 1826 quod

259 1853 295 1916 in
314 1851 422 1917 altero
443 1851 545 1917 latere
568 1852 721 1917 similiter
743 1852 863 1916 aooidit
875 1870 914 1915 ex
928 1852 1036 1928 lineis,
1051 1870 1138 1934 quae
1154 1854 1337 1933 procedunt

260 1967 424 2045 apunoto
446 1972 458 2025 t
480 1962 520 2026 ad
542 1964 842 2027 oiroumferentiam
870 1962 1196 2043 t9,·onm.risihilis
1222 1964 1336 2031 radius

259 2070 374 2137 tuerit-
388 2072 587 2137 oonstitutus
616 2073 664 2137 ihi
691 2073 877 2137 seeundum
906 2071 1032 2137 lineam
1054 2081 1152 2155 mpr,
1176 2080 1336 2155 quaeest

259 2182 384 2251 similis
405 2182 514 2248 lineae
534 2186 619 2247 mlo.

303 2294 386 2359 Cum
412 2294 514 2375 igitur
540 2294 624 2357 haeo
650 2272 870 2359 determinata
896 2293 1102 2371 habeamus,
1128 2294 1334 2360 demonstre-

260 2423 339 2469 mus
368 2404 579 2487 postmodum
605 2403 696 2485 quod
725 2404 765 2467 ed
796 2409 956 2483 punctum
985 2423 1000 2466 e
1027 2423 1096 2468 non
1118 2404 1156 2466 flt
1177 2405 1246 2468 nisi
1267 2424 1336 2469 una

259 2515 479 2581 reverberatio
497 2516 540 2578 ad
557 2515 714 2596 aequales
732 2516 883 2594 angulos,
897 2532 974 2579 oum
989 2515 1091 2579 tuerit
1104 2516 1234 2597 positio,
1249 2516 1336 2581 siout

259 2629 467 2694 dictumest
490 2629 566 2691 llsto
587 2628 692 2691 sectio
714 2626 829 2690 circuli
850 2628 891 2690 in·
909 2645 1054 2694 oonoavo
1077 2627 1227 2710 speculo,
1245 2634 1279 2693 et
1291 2630 1336 2693 sit

257 2741 329 2819 aba,
348 2739 413 2819 (fio.
428 2738 500 2813 tet,
521 2738 617 2802 ouius
639 2743 792 2801 centrum
813 2741 849 2813 d,
872 2745 904 2803 et
918 2739 1140 2818 protrahatur
1156 2739 1334 2802 lineabde.

257 2848 408 2914 Dicimus
430 2867 519 2929 ergo,
529 2849 632 2930 ¹quoti
653 2850 683 2910 si
704 2849 796 2910 visus
811 2848 912 2912 fuerit
926 2866 1026 2930 super
1040 2850 1090 2925 si,
1106 2855 1139 2912 et
1153 2849 1337 2914 non-luerit

258 2961 295 3024 in
307 2966 431 3042 punoto
446 2959 690 3040 d‚‘refriugitur
700 2937 813 3023 radius
827 2959 899 3022 eius
912 2960 948 3022 in
960 2960 1122 3040 seipsum
1139 2979 1158 3023 a
1171 2967 1294 3040 punoto
1307 2960 1335 3034 t,

257 3071 349 3154 quod
368 3069 661 3146 estmsuilestum3
679 3069 792 3151 anguli
807 3071 914 3144 enim,
930 3071 988 3150 qui
1003 3075 1083 3132 sunt
1096 3088 1205 3151 penes·
1215 3073 1239 3145 b,
1254 3076 1335 3133 sunt

257 3160 432 3263 aequalem
447 3179 499 3244 illi
516 3197 595 3244 vero
607 3179 702 3255 radii,
715 3179 773 3261 qui
786 3180 1015 3260 refringuntnr·
1024 3180 1067 3242 ad
1078 3188 1238 3261 punctum
1249 3181 1336 3243 inter

258 3293 278 3356 b
300 3298 334 3357 st
355 3294 393 3366 d,
413 3290 467 3355 vel
488 3292 616 3355 interd
637 3296 670 3354 et
690 3312 706 3356 e
728 3308 748 3353 a
768 3297 891 3370 punoto
914 3291 1075 3354 existente
1096 3289 1225 3354 intere
1246 3296 1280 3355 et
1300 3293 1335 3366 t,

259 3401 314 3467 vel
331 3403 420 3466 inter
434 3403 451 3464 b
466 3408 500 3465 et
512 3421 546 3480 9,
562 3417 632 3464 non
647 3402 770 3464 eadunt
784 3402 825 3464 ad
841 3400 997 3482 aequales
1012 3399 1153 3480 angulos
1168 3418 1207 3464 ex
1218 3400 1335 3483 aliquo

258 3512 363 3578 latere
386 3512 491 3577 nentri
507 3513 536 3589 d,
550 3518 587 3573 ut
602 3513 658 3588 elt,
673 3513 729 3574 ts,
752 3511 963 3591 Constituunt
977 3511 1067 3573 enim
1084 3511 1335 3592 angulos-quos

259 3623 435 3689 continent
457 3642 493 3685 ex
516 3623 666 3715 utrisque
689 3622 849 3685 lateribus
871 3620 1079 3702 inaequales,
1100 3620 1158 3686 vel
1178 3628 1335 3701 utangu·

259 3733 338 3799 inm·
355 3732 437 3807 tlte,
460 3732 519 3813 qui
541 3739 591 3795 est
611 3731 720 3796 maior
741 3730 864 3813 angulo
885 3733 963 3796 otte.
984 3733 1024 3795 itt
1044 3749 1161 3796 rursus
1176 3731 1335 3812 quoniam

260 3862 315 3908 res
326 3844 375 3907 ita
388 3861 424 3907 se
438 3842 555 3917 hahet,
571 3843 657 3905 siout
670 3842 762 3922 prius
778 3842 1003 3922 exposuimus,
1017 3843 1108 3923 quod
1121 3859 1198 3905 oum
1213 3841 1337 3916 radius,

260 3930 532 4037 qui-retringitur
553 3954 593 4016 ad
617 3959 775 4034 puuctum
790 3972 823 4029 z,
844 3952 1013 4016 transierit
1028 3971 1086 4032 per
1099 3958 1240 4033 punctos
1256 3952 1289 4028 b,
1304 3969 1334 4027 e,

259 4040 367 4128 torma
378 4064 494 4144 utique
506 4064 599 4128 visus
612 4071 748 4145 apparet
762 4063 795 4125 iu
812 4062 885 4143 ipsa
896 4062 1070 4143 superficie
1082 4060 1209 4144 spoouli
1219 4079 1334 4125 versus
