3278 5364
1282 547 1321 612 lt

303 661 443 726 Fallacia
462 661 576 741 igitur,
600 679 684 742 quae
706 664 740 723 in
762 659 930 724 coloribus
952 659 1070 724 accidit
1090 659 1175 722 visui
1193 677 1233 723 ex
1250 678 1323 741 pas-

260 773 355 836 sione
376 770 408 835 ei
430 772 607 846 accidente,
627 771 662 833 iit
679 771 720 834 ad
734 771 842 833 maius
856 771 1039 833 secundum
1056 770 1237 851 praedictas
1251 787 1323 850 spe-

259 883 342 960 cies;
357 881 487 946 fallacia
499 897 577 946 vero
594 899 679 962 quae
695 881 812 944 accidit
826 881 861 943 in
877 881 944 943 situ
959 898 997 944 ex
1010 880 1168 944 fractione
1185 886 1217 944 et
1230 898 1322 943 revo-

259 992 402 1066 lutione,
424 992 462 1055 dt
483 992 667 1055 secundum
689 997 862 1070 utramque
883 991 1070 1072 specierum
1091 991 1242 1068 istarum
1264 1008 1325 1070 per

262 1103 503 1167 revolutionem
524 1101 615 1166 euim
635 1102 766 1164 videtur
787 1100 903 1164 eadem
921 1118 973 1164 res
987 1101 1022 1163 in
1041 1100 1171 1164 duobus
1185 1099 1279 1176 loeis,
1293 1111 1325 1164 et

260 1206 347 1277 duae
360 1214 396 1276 in
410 1230 490 1287 uno,
506 1215 592 1277 sicut
606 1211 643 1274 in
659 1209 934 1292 praecedentibus
949 1212 1258 1276 demonstravimus.
1281 1213 1324 1274 lix

258 1303 519 1387 mabensione
541 1329 652 1386 autem
669 1329 702 1385 et
715 1321 856 1385 flexione
875 1321 1005 1385 videtur
1026 1339 1080 1385 res
1092 1322 1128 1384 in
1145 1321 1323 1385 directione

259 1430 402 1494 visibilis
418 1430 513 1505 radii,
531 1431 683 1512 quamvis
700 1448 769 1493 non
782 1430 831 1492 ita
842 1447 879 1493 se
893 1429 1022 1504 habeat,
1038 1448 1078 1493 eo
1093 1430 1182 1508 quod
1197 1435 1247 1494 est
1260 1431 1323 1493 ira·

260 1549 343 1604 ctus,
361 1540 485 1604 Rursus
499 1541 540 1603 de
554 1539 607 1604 bis
622 1558 706 1621 quae
722 1538 781 1603 tali
795 1540 892 1603 modo
907 1545 1077 1620 apparent,
1088 1539 1158 1603 alia
1172 1538 1326 1603 videntur

261 1668 281 1713 a
297 1649 453 1713 distantia
468 1649 590 1714 minori
608 1664 708 1730 quam
725 1666 812 1724 vera,
831 1666 916 1730 quae
930 1648 1085 1714 videlicet
1100 1655 1149 1712 est
1164 1649 1252 1712 inter
1264 1647 1326 1712 illa

260 1765 294 1824 et
313 1760 521 1842 aspicientes,
543 1767 576 1825 et
598 1778 683 1840 quas
699 1766 749 1824 est
765 1761 852 1834 inter
866 1779 905 1824 ea
919 1768 952 1824 et
966 1760 1185 1841 superficiem,
1201 1761 1241 1823 de
1257 1778 1325 1840 qua

260 1870 299 1932 fit
310 1869 438 1935 fraeda
453 1870 523 1934 Alia
535 1888 612 1935 vero
625 1871 779 1934 videntur
788 1888 809 1933 a
819 1869 973 1933 distantia
988 1869 1119 1951 aequali
1131 1869 1324 1954 praedictae,

259 1986 294 2044 et
309 1981 472 2062 quaem
485 1981 640 2045 videntur
653 2000 673 2045 a
687 1981 806 2044 maiori
820 1981 985 2045 distantia.
1007 1979 1175 2053 Quaedam
1191 1997 1325 2058 quoque

226 2117 231 2123 ·
260 2089 412 2154 videntur
436 2108 497 2172 per
522 2092 684 2170 quosdam
706 2092 747 2153 de
767 2090 951 2153 visibilibus
972 2090 1096 2164 radiis,
1124 2090 1182 2169 qui
1204 2097 1325 2153 sunta

259 2206 352 2280 parte
368 2218 443 2276 sua,
460 2199 527 2264 alia
542 2218 620 2265 vero
636 2218 696 2282 per
712 2199 822 2263 radios
839 2200 985 2264 diversos
1002 2201 1186 2262 secundum
1201 2198 1326 2279 figuras
1420 2231 1423 2238 ·

231 2386 235 2390 ⁴
261 2327 389 2385 rerunt,
411 2326 498 2390 quae
526 2310 635 2374 radios
664 2309 865 2389 refringunt,
886 2315 926 2371 ut
947 2309 1064 2372 accidit
1082 2307 1216 2390 prande
1236 2309 1325 2373 vide·

260 2427 338 2483 mut
359 2419 494 2485 sinistra
518 2437 578 2501 per
601 2419 711 2484 radios
738 2419 881 2494 dextros,
905 2399 937 2481 et
961 2418 1134 2499 superiora
1159 2436 1218 2498 per
1242 2417 1326 2481 infe·

261 2529 378 2606 riores,
399 2536 432 2592 et
452 2545 629 2607 muneram
652 2536 686 2593 et
707 2529 770 2593 bac
788 2530 829 2593 de
846 2547 945 2592 causa
959 2527 1091 2592 insulae
1106 2527 1265 2591 sublimes
1278 2528 1324 2589 vi·

262 2638 384 2703 dentur
396 2657 424 2704 a
443 2640 529 2703 mari
549 2657 621 2704 esse
641 2639 856 2714 humiliores,
878 2656 918 2701 eo
940 2637 1029 2718 quod
1050 2638 1135 2700 radii
1158 2637 1217 2718 qui
1238 2637 1326 2700 inira

262 2749 386 2812 cadunt
404 2749 443 2812 in
467 2767 575 2825 mare,
603 2751 790 2814 efficiuntur
817 2767 878 2830 per
904 2749 1202 2813 reverberationem
1223 2734 1348 2810 subii?

263 2859 386 2922 micres
405 2858 489 2934 illis,
511 2865 543 2924 at
564 2877 621 2924 aer
641 2860 700 2940 qui
721 2865 807 2923 recte
828 2840 1161 2941 cumprehenditur'a
1179 2859 1268 2932 visu,
1290 2857 1327 2921 fit

262 2967 359 3032 altior
376 2969 509 3050 inaulis3
531 2969 622 3050 quod
643 2969 828 3037 evidentius
849 2975 994 3049 apparet,
1015 2986 1092 3032 cum
1109 2967 1211 3031 fuerit
1224 2986 1326 3049 super

261 3077 408 3142 insulam
428 3080 528 3142 nubis
548 3080 668 3154 rubea,
691 3086 826 3160 apparet
850 3079 941 3142 enim
962 3079 1078 3142 subtus
1103 3096 1178 3141 eam
1204 3076 1326 3141 similis

263 3187 315 3251 illi
335 3188 435 3252 nubis
455 3189 567 3252 rubea.
589 3189 746 3254 Similiter
765 3191 864 3253 etiam
885 3187 1041 3269 possibile
1067 3195 1117 3251 est
1139 3206 1198 3269 per
1218 3205 1327 3250 rever-

262 3298 466 3361 berationem
490 3298 595 3362 sideri
622 3300 772 3364 eamdem
799 3310 871 3363 rem
891 3298 926 3361 in
950 3297 1100 3379 pluribus
1123 3297 1219 3372 locis,
1240 3297 1327 3359 sicut
1382 3309 1384 3313 ·
1439 3381 1442 3385 ,

263 3393 382 3473 accidit
401 3408 437 3471 iu
459 3409 617 3473 concavis
631 3409 784 3489 speculis,
805 3415 838 3473 et
858 3408 1002 3490 speculis
1021 3426 1103 3489 quae
1119 3407 1229 3488 plures
1244 3408 1326 3471 ima-

262 3520 354 3600 gines
374 3520 565 3597 ostendunt3
593 3521 682 3601 quod
707 3521 842 3596 iaciunt,
872 3522 952 3602 quia
980 3522 1029 3584 sic
1050 3527 1131 3584 sunt
1151 3519 1327 3600 disposita,

262 3632 351 3709 quod
376 3631 538 3711 quaedam
567 3649 683 3696 eorum
710 3631 896 3711 refringunt
924 3631 1034 3707 radios
1057 3630 1190 3694 adrem
1212 3630 1324 3693 viden·
1418 3682 1430 3703 ,

263 3740 355 3814 dam,
376 3747 408 3803 ct
431 3740 591 3820 quaedam
617 3741 658 3804 ad
682 3740 783 3805 aliud.
813 3742 901 3805 Unde
923 3740 1021 3804 mulli
1044 3740 1128 3805 radii
1150 3739 1325 3819 disgregati

264 3851 441 3914 ostendunt
461 3868 533 3914 rem
555 3851 739 3914 secundum
762 3830 974 3916 directionem
995 3868 1126 3925 eorum,
1145 3857 1177 3913 et
1194 3855 1328 3930 apparet

208 3974 210 3977 ·
263 3977 422 4024 numerus
445 3960 594 4024 locorum
615 3962 663 4027 rei
685 3962 842 4025 videndae
865 3967 902 4022 ur
924 3977 1083 4025 numerus
1108 3959 1287 4022 radiorum.

304 4069 528 4140 Inuniversis
550 4073 661 4152 itaque
683 4073 781 4136 rebus
804 4088 888 4151 quae
911 4071 1072 4149 videntur,
1090 4069 1126 4133 iit
1145 4067 1275 4134 fallacia
1289 4088 1327 4134 ex

1277 4213 1292 4263 d
