3278 5364
317 534 377 599 138

314 667 366 722 aa,
388 648 446 720 etr,
468 656 516 720 et,
539 647 592 719 et,
614 648 657 720 et,
680 664 741 707 em.
774 645 864 718 Quod
886 662 962 724 ergo
985 644 1083 706 luerit
1103 640 1189 705 inter
1211 645 1248 704 tt
1271 643 1376 714 etit,

315 767 346 822 et
375 775 472 820 omne
496 757 582 835 quod
615 755 766 818 ceciderit
797 772 895 834 super
917 754 1052 834 angulos
1076 772 1150 817 cum
1172 753 1378 833 retringitur,

315 869 401 932 cadit
423 874 511 930 extra
532 867 669 946 figuram
696 865 839 944 speculi;
869 866 955 945 quo-d
979 856 1088 927 autem
1109 864 1210 926 fuerit
1230 864 1319 926 inter
1338 864 1379 925 alt

315 987 347 1042 et
370 979 406 1042 tt
428 986 459 1040 et
481 979 529 1038 lm
557 995 632 1040 cum
661 976 871 1055 retringitur,
901 976 988 1037 cadit
1017 984 1107 1037 extra
1137 974 1279 1053 figuram
1307 992 1378 1053 spe·

314 1089 397 1162 culi,
421 1095 453 1151 et
474 1105 630 1150 numerus
653 1087 830 1149 formarum
854 1104 964 1148 earum
989 1086 1050 1148 erit
1071 1080 1224 1165 aequalis
1242 1103 1379 1147 numero

316 1198 536 1280 speculorum.
574 1198 799 1277 Unusquisque
823 1199 911 1260 enim
933 1197 1099 1259 radiorum
1120 1196 1333 1261 retracturum
1362 1215 1380 1258 a

314 1310 445 1390 speculo
472 1308 617 1371 continet
646 1314 771 1382 totum,
800 1314 908 1370 tamen
938 1326 1006 1369 non
1036 1325 1150 1371 omnes
1177 1305 1378 1371 coniunctio·

315 1438 390 1494 nes,
413 1437 496 1499 quae
520 1418 596 1481 inde
621 1418 717 1489 dunt,
742 1425 838 1480 erunt
859 1419 1049 1491 continuae,
1071 1420 1129 1480 sed
1148 1425 1244 1481 erunt
1258 1418 1379 1498 disgre-

314 1536 406 1608 gatae
434 1547 536 1608 penes
569 1528 792 1602 minutiones,
824 1537 855 1591 et
882 1529 943 1590 erit
965 1529 1115 1591 retractio
1139 1547 1158 1590 a
1178 1529 1278 1592 rebus
1299 1547 1379 1609 quae

314 1647 390 1702 sunt
412 1646 498 1701 extra
519 1639 657 1718 figuram
682 1639 826 1719 speculi3
850 1646 881 1700 et
903 1639 988 1700 sicut
1009 1640 1044 1700 in
1066 1640 1164 1702 rebus
1187 1658 1272 1720 quae
1294 1646 1379 1702 recte

314 1751 487 1821 videntur,
510 1742 596 1812 illae'
610 1767 692 1827 quae
716 1759 793 1811 sunt
815 1750 1037 1829 disgregatae,
1060 1758 1219 1831 apparent
1246 1750 1380 1812 manis·

315 1861 411 1933 atius,
434 1861 482 1922 sic
504 1860 623 1922 iterum
646 1868 678 1923 et
699 1860 753 1922 hic
774 1879 841 1922 una
862 1878 928 1932 res,
953 1879 1049 1940 quam
1073 1861 1220 1925 continet
1240 1860 1378 1940 angulus

315 1977 482 2051 separatus
505 1977 537 2031 et
554 1971 693 2032 visibilis
713 1971 831 2044 radius,
847 1988 912 2032 non
933 1979 1064 2051 apparet
1081 1973 1239 2035 continua
1257 1973 1292 2034 in
1311 1971 1379 2052 plu·

315 2082 405 2144 ribus
427 2079 526 2152 locis,
549 2098 688 2159 quorum
710 2081 822 2160 anguli
843 2082 965 2144 habent
986 2100 1163 2145 numerum
1186 2082 1379 2163 aequalem,

319 2210 395 2254 cum
421 2209 554 2271 prorsus
577 2209 645 2253 non
669 2191 765 2253 fuerit
788 2192 954 2254 diversitas
977 2194 1008 2254 in
1033 2211 1169 2256 numero
1192 2195 1382 2267 formarum,

317 2309 350 2365 et
365 2303 470 2381 figura
484 2300 609 2381 speculi
623 2302 658 2362 in
674 2302 835 2381 principio
850 2310 955 2365 taxato
975 2311 1063 2365 recta
1074 2304 1230 2379 extiterit,
1243 2311 1275 2366 et
1287 2303 1382 2366 luerit

319 2414 353 2474 in
375 2413 446 2492 ipso
469 2410 601 2491 speculo
621 2413 761 2474 curvitas
781 2420 835 2474 aut
853 2413 1051 2486 concavitas,
1067 2421 1099 2476 et
1116 2415 1157 2476 de
1171 2414 1314 2493 angulis,
1330 2413 1382 2493 qui

317 2530 394 2584 sunt
415 2540 516 2603 penes
539 2522 827 2598 coniunctionem,
848 2524 929 2585 fiant
950 2525 1151 2587 minutiones
1174 2525 1380 2598 necessario;

317 2640 427 2695 tamen
451 2633 557 2712 potius
579 2632 662 2695 fiunt
684 2633 884 2696 diversitates
905 2634 939 2695 in
962 2636 1105 2698 essentia
1127 2653 1186 2697 sua
1208 2642 1242 2698 et
1264 2636 1299 2696 in
1317 2652 1384 2696 mo

318 2743 485 2805 deratione
504 2743 732 2805 distantiarum
752 2743 786 2804 in
801 2762 996 2823 unaquaque
1015 2746 1192 2807 formarum
1211 2752 1243 2808 et
1260 2744 1383 2808 assimi-

317 2852 438 2915 latione
462 2853 563 2927 situs,
593 2859 648 2914 aut
671 2873 736 2914 non
761 2855 804 2915 ita
826 2855 882 2928 fit,
905 2855 961 2918 sed
984 2855 1020 2915 fit
1042 2856 1264 2928 contrarium,
1287 2856 1383 2935 litque

320 2965 425 3024 forma
445 2963 543 3025 unius
566 2963 612 3025 rei
634 2962 668 3023 in
687 2963 833 3043 pluribus
851 2966 989 3045 speculis
1008 2967 1187 3028 secundum
1210 2984 1382 3029 numerum

320 3073 520 3153 superficiei,
547 3081 579 3136 et
601 3075 772 3154 praecipue
795 3074 915 3154 planis,
938 3077 971 3136 in
996 3077 1113 3156 quibus
1135 3076 1172 3137 fit
1194 3077 1383 3140 constitutio

323 3184 522 3257 formarum,
550 3185 633 3246 sicut
653 3186 768 3246 accidit
790 3204 864 3248 cum
888 3186 983 3248 fuerit
1005 3188 1093 3248 visus
1116 3195 1221 3250 atres
1248 3186 1386 3251 videnda

322 3294 521 3368 hincinde,
548 3302 581 3356 et
606 3296 703 3357 luerit
729 3295 815 3358 inter
843 3314 897 3358 eos
924 3297 1031 3376 posita
1055 3315 1109 3360 res
1137 3305 1258 3376 tegens.
1293 3298 1386 3362 Plura

323 3406 412 3468 enim
440 3405 523 3467 fiunt
552 3405 586 3466 in
614 3405 802 3468 huiusmodi
830 3408 991 3487 positione
1013 3409 1194 3471 secundum
1217 3409 1384 3473 circuitio·

323 3532 399 3580 nem
420 3516 504 3577 radii
527 3518 562 3577 in
587 3516 711 3579 duobus
733 3515 785 3578 vel
807 3517 952 3597 pluribus
981 3519 1122 3599 speculis
1155 3518 1264 3599 planis
1287 3521 1385 3584 susci·

322 3625 489 3706 pientibus
521 3626 818 3690 reverberationem
850 3629 890 3690 ad
922 3647 992 3692 rom
1023 3629 1219 3705 videndam,
1248 3639 1281 3694 et
1308 3632 1387 3694 flunt

322 3736 446 3798 formae
465 3754 579 3798 eonun
595 3739 775 3800 secundum
791 3739 1005 3801 directionem
1022 3740 1119 3803 radii:
1131 3740 1180 3802 Sit
1194 3760 1272 3822 ergo
1288 3761 1388 3807 exem·

325 3845 426 3926 plum,
442 3864 506 3926 quo
527 3847 606 3910 flant
620 3849 796 3911 manifesta
810 3867 894 3928 quae
911 3850 1062 3924 diximus,
1079 3851 1154 3915 tale.
1170 3852 1389 3918 Constituatur

325 3957 414 4019 visus
430 3958 464 4018 in
481 3966 600 4037 puncto
616 3979 635 4021 a
652 3959 713 4039 (sip.
728 3963 796 4035 ru,
812 3969 844 4022 et
861 3979 911 4022 res
926 3962 1067 4024 videnda
1082 3964 1125 4024 sit
1139 3964 1168 4037 b,
1185 3973 1217 4025 et
1231 3966 1320 4027 inter
1336 3982 1387 4028 eos

330 4067 438 4152 aliqua
452 4070 642 4150 magnitudo
656 4078 778 4150 tegens,
794 4079 824 4134 et
839 4073 881 4135 sit
894 4092 923 4150 p,
940 4079 971 4136 et
983 4074 1213 4168 protrahantur
1228 4095 1247 4138 a
1262 4076 1388 4161 punctis
