3278 5364
1294 538 1339 603 tt„

261 655 312 710 cto
335 645 373 720 lt,
403 653 436 725 et
466 649 508 709 sit
538 647 680 726 angulus
703 649 781 710 bem
808 651 918 711 minor
947 650 1067 728 angulo
1090 653 1171 728 ebq,
1201 651 1259 730 qui
1286 660 1335 714 est
1391 622 1396 633 ι

260 758 370 818 maior
395 775 496 837 quam
526 759 610 820 duae
638 767 746 836 partes
777 760 858 820 recti
888 758 1010 837 anguli
1046 760 1127 833 Quia
1155 760 1255 838 igitur
1277 779 1334 823 an·

259 867 360 946 gulus
388 869 448 945 cb'q
477 867 584 929 maior
606 874 656 930 est
676 867 798 946 angulo
829 869 924 942 bena,
948 875 980 930 et
1001 867 1144 947 angulus
1166 871 1227 946 etp
1249 868 1336 930 sicut

256 973 398 1052 angulus
432 976 510 1048 abt,
539 980 571 1037 et
596 975 738 1054 angulus
762 977 820 1036 zbt
852 976 937 1037 sicut
962 976 1103 1055 angulus
1128 977 1195 1048 tbi,
1228 977 1337 1038 maior

260 1101 363 1162 quam
385 1083 526 1163 angulus
549 1085 644 1157 bem;
666 1083 775 1147 lineae
798 1102 875 1162 ergo
900 1086 949 1158 bl,
972 1086 1035 1158 ele,
1059 1086 1335 1164 oum-productae

260 1191 386 1254 fuerint
407 1193 448 1254 ad
466 1199 591 1271 partem
608 1199 808 1271 punctorum
825 1197 845 1268 l,
860 1193 888 1268 t,
910 1193 1089 1273 iungentur
1106 1194 1140 1254 in
1158 1200 1279 1273 puncto
1293 1211 1336 1264 m,

261 1298 370 1361 forma
391 1317 467 1379 ergo
490 1301 656 1380 punctim
680 1300 848 1381 apparebit
868 1301 956 1362 visui
977 1320 995 1364 z
1017 1302 1051 1363 in
1074 1308 1196 1382 puncto
1220 1302 1257 1374 lc,
1279 1301 1336 1378 qui

260 1416 311 1470 est
332 1408 419 1471 inter
440 1409 614 1488 speculum
641 1415 673 1472 et
698 1427 768 1472 rem
790 1411 993 1486 videndam3⁴
1021 1417 1054 1473 et
1083 1410 1112 1472 si
1141 1416 1285 1490 punctus
1304 1409 1336 1469 'lc

260 1525 372 1596 posset
392 1519 508 1581 cadere
531 1519 619 1581 inter
639 1519 747 1580 visum
769 1527 802 1580 et
821 1517 1011 1598 speculum,
1029 1529 1200 1598 appareret
1222 1520 1337 1598 utique

261 1627 369 1688 forma
390 1633 474 1690 ante·
487 1627 678 1707 speculum,
701 1627 788 1690 sicut
809 1629 929 1692 accidit
950 1629 985 1689 in
1007 1629 1160 1691 concavis
1183 1628 1336 1708 speculis.

261 1736 325 1799 Sed
346 1735 426 1816 quie
447 1745 589 1816 punctus
612 1739 629 1799 b
651 1754 782 1816 semper
804 1739 990 1801 necessario
1014 1738 1091 1817 tegit
1112 1744 1272 1817 punctum
1294 1736 1334 1809 lc,

261 1850 391 1925 oportet
415 1852 451 1908 ut
475 1845 648 1925 speculum
675 1854 832 1926 appareat
855 1853 931 1910 ante
957 1847 1099 1908 sormam
1113 1895 1121 1920 ,
1135 1856 1222 1909 'cum
1243 1847 1335 1909 visus
1379 1908 1382 1915 ,

261 1961 342 2016 tunc
363 1972 429 2016 non
451 1954 576 2017 dividat
596 1955 682 2017 inter
699 1954 910 2035 superficiem
925 1955 1122 2019 interiorem
1144 1962 1178 2017 et
1198 1955 1334 2034 superil-

262 2063 346 2126 ciem
362 2063 564 2137 exteriorem,
580 2071 613 2126 et
627 2070 754 2144 oportet
771 2071 807 2126 ut
822 2064 927 2128 torma
941 2065 985 2126 sit
1003 2071 1090 2128 retro
1106 2065 1331 2143 superficiem.

304 2173 342 2234 In
365 2170 509 2251 speculis
531 2173 641 2235 curvis
664 2173 839 2235 distantiae
862 2173 1085 2239 reividendee
1099 2173 1141 2235 eh
1157 2172 1340 2252 aspiciente

263 2287 296 2343 et
309 2299 329 2343 a
342 2279 518 2360 superficie
534 2281 661 2361 speculi
676 2283 782 2344 maior
795 2288 847 2344 est
861 2298 962 2360 quam
978 2282 1134 2344 distantia
1149 2282 1273 2345 formae
1288 2281 1337 2344 rei
1353 2303 1356 2308 ·

261 2389 433 2451 videndae.
453 2391 530 2451 llsto
554 2391 653 2453 sectio
676 2391 715 2452 de
738 2390 872 2464 circulo,
887 2391 945 2470 qui
961 2390 1060 2462 estin
1076 2407 1177 2453 curvo
1193 2389 1337 2470 speculo,

263 2505 297 2560 et
318 2497 362 2560 sit
382 2499 490 2576 cdqd,
513 2505 663 2560 centrum
687 2505 797 2561 autem
820 2499 935 2561 circuli
957 2517 989 2574 a,
1018 2506 1051 2562 et
1068 2501 1160 2563 visus
1174 2517 1206 2572 a,
1229 2506 1261 2561 et
1282 2516 1336 2568 res

262 2607 415 2681 videnda·
434 2608 475 2680 t,
497 2614 531 2669 et
551 2606 750 2686 refringatur
771 2608 813 2671 ad
835 2626 906 2670 rem
928 2606 1265 2671 videndamvisihilis
1285 2626 1338 2673 ra·

252 2715 338 2777 dius
350 2716 420 2777 ztlt
432 2715 475 2778 ad
486 2716 642 2795 aequales
652 2715 804 2796 angulos,
813 2723 848 2778 et
861 2717 1059 2797 copulentur
1071 2719 1155 2781 duae
1167 2717 1277 2782 lineae
1289 2718 1336 2791 cb,

262 2827 314 2899 eit,
336 2832 370 2889 et
390 2828 590 2906 producatur
611 2827 651 2887 bs
671 2845 844 2908 quousque
868 2827 1049 2891 obviaverit
1061 2832 1102 2891 cit
1118 2829 1154 2890 in
1172 2835 1294 2908 puncto
1312 2838 1336 2890 t.

264 2934 335 2999 llrit
355 2935 456 3014 igitur
478 2936 583 2998 torma
604 2936 719 3015 puncti
739 2939 761 3001 t
781 2936 817 3000 iu
840 2935 914 3000 loco
934 2947 958 2998 t.
980 2937 1128 3001 Dicimus
1150 2955 1227 3016 ergo
1249 2937 1339 3017 quod

262 3040 373 3105 lineae
392 3043 449 3116 dv,
466 3042 511 3105 tt
531 3042 675 3105 maiores
697 3051 776 3106 sunt
797 3043 888 3107 linea
901 3046 972 3118 zbt,
994 3047 1085 3122 etqlt
1105 3045 1212 3106 maior
1234 3060 1335 3133 quam

261 3160 307 3230 qt.
330 3150 543 3213 Protrahatur
559 3153 670 3232 itaque
687 3171 707 3215 a
724 3161 846 3233 puncto
871 3155 888 3215 l>
905 3153 997 3216 linea
1012 3160 1148 3233 tangens
1163 3153 1337 3225 circulum,

264 3268 296 3323 et
318 3260 362 3323 sit
383 3259 514 3335 leit-et
534 3261 614 3341 quia
637 3262 779 3342 angulus
795 3264 864 3326 aiz
885 3263 1035 3344 aequalis
1051 3271 1102 3327 est
1117 3262 1239 3342 angulo
1252 3264 1338 3336 dlrlt,

262 3375 296 3433 et
318 3368 460 3449 angulus
488 3371 554 3433 att
581 3377 619 3432 ut
645 3371 788 3450 angulus
810 3351 892 3445 dil,
919 3379 1069 3436 remanet
1090 3370 1232 3450 angulus
1254 3371 1337 3445 lebat

263 3479 322 3558 qui
345 3485 395 3543 est
416 3479 503 3549 sicut
525 3480 665 3558 angulus
688 3480 753 3560 tot,
776 3488 814 3544 ut
835 3481 977 3560 angulus
999 3483 1074 3556 teta
1096 3480 1238 3559 angulus
1260 3499 1337 3545 vero

264 3590 317 3650 ttt
344 3593 395 3651 est
416 3595 557 3664 acutus,
578 3590 738 3668 quoniam
761 3590 902 3671 angulus
923 3593 978 3654 eil
1000 3597 1051 3654 est
1072 3598 1201 3665 rectus,
1224 3597 1256 3654 et
1277 3609 1337 3653 au·

263 3696 362 3776 gulus
384 3698 442 3761 tlt
463 3698 571 3761 maior
586 3706 635 3761 est
649 3699 771 3778 angulo
794 3702 827 3762 bl
835 3710 859 3762 t.
882 3701 981 3764 Linea
1002 3718 1080 3781 ergo
1103 3702 1147 3764 tt
1167 3701 1274 3762 maior
1288 3705 1339 3761 est

263 3804 356 3870 linea
374 3807 434 3880 tt,·
463 3808 573 3887 sitque
595 3807 692 3873 linea.
705 3811 749 3870 zb
772 3809 982 3885 communis,
1008 3817 1106 3873 erunt
1127 3827 1203 3889 ergo
1226 3807 1336 3878 lineae

263 3916 323 3992 zi,
346 3917 388 3978 tt
414 3916 558 3980 maiores
587 3936 688 3997 quarn
717 3917 808 3982 linea
834 3922 920 3993 zdt;
950 3927 983 3982 et
1012 3920 1171 4000 quoniam
1197 3935 1336 3998 propor-

265 4024 311 4088 tio
332 4025 375 4088 tt
396 4026 437 4087 ad
460 4026 493 4088 bt
515 4026 601 4089 sicut
615 4029 785 4108 proportio
808 4030 845 4092 tt
868 4030 908 4091 ad
930 4032 976 4103 tt,
999 4028 1059 4091 erit
1077 4029 1176 4096 etiam
1199 4028 1288 4091 linea
1305 4029 1339 4092 lit
