3278 5364
1269 471 1323 534 1³1

261 587 293 644 et
312 580 534 661 refringantur
556 581 596 642 ad
617 597 671 643 eas
694 580 758 642 dno
780 581 864 642 radii
887 598 906 642 a
926 587 1048 660 puncto
1064 598 1078 641 e
1094 598 1153 660 per
1172 581 1323 661 aequales

260 689 410 771 angulos,
433 698 464 754 et
487 692 552 753 sint
566 710 639 764 aaz,
655 693 730 765 ebir,
746 699 777 753 et
793 692 1012 772 producantur
1027 691 1133 754 lineae
1148 694 1223 767 dat,
1240 694 1323 769 att,

259 802 379 881 quibus
396 801 527 871 obvient
541 801 649 865 lineae
664 820 712 875 eo,
730 803 769 865 eb
788 803 823 862 in
841 802 972 881 punctis
987 803 1031 862 tle.
1048 802 1114 863 llrit
1129 820 1205 882 ergo
1220 804 1326 867 forma

261 914 403 994 punctis
425 913 459 975 in
481 919 602 992 puncto
617 924 642 984 t,
666 921 697 974 et
717 913 822 974 forma
837 914 949 993 puncti
963 914 985 974 lv
999 913 1034 974 in
1050 914 1077 974 t.
1095 914 1229 978 Formae
1245 933 1323 994 ergo

232 1065 235 1069 -
260 1043 376 1087 eorum
396 1024 592 1087 videbuntur
614 1025 647 1084 in
672 1024 829 1103 partibus,
853 1041 937 1102 qnae
960 1025 1044 1086 veris
1064 1025 1160 1086 rebus
1174 1025 1322 1089 diversae

261 1143 348 1199 sunt.
372 1135 529 1198 Similiter
555 1134 654 1196 etiam
683 1137 709 1195 si
739 1141 877 1214 punctus
898 1137 919 1195 lv
945 1134 1159 1196 transferatur
1180 1136 1221 1198 ad
1243 1155 1324 1217 pun·

261 1254 350 1308 ctum
371 1248 396 1318 l,
419 1252 451 1308 et
474 1245 670 1323 refringatur
689 1244 824 1306 adeum
846 1244 955 1306 radius
977 1247 1055 1322 eol,
1079 1251 1110 1307 et
1131 1244 1219 1309 linea
1241 1249 1324 1309 dlm

262 1357 413 1437 producta
435 1355 613 1416 obviaverit
634 1342 741 1415 lineae
764 1372 802 1431 eq
827 1352 859 1414 in
883 1360 1002 1434 puncto
1018 1373 1062 1430 m,
1086 1354 1190 1417 forma
1210 1356 1324 1435 utique

259 1469 293 1541 b,
317 1485 400 1545 quae
427 1472 476 1528 est
495 1465 528 1538 t,
558 1464 620 1526 erit
642 1464 797 1526 translata
819 1464 858 1526 ad
881 1470 1007 1544 partem
1029 1465 1190 1527 diversam
1212 1465 1262 1527 illi
1284 1468 1325 1529 ad

261 1594 360 1656 quam
383 1594 433 1638 res
454 1594 531 1637 vcra
554 1573 709 1636 translata
731 1580 790 1636 est.
813 1575 851 1635 Et
872 1574 993 1636 iterum
1019 1575 1047 1636 si
1073 1574 1196 1638 luerint
1217 1578 1237 1638 lt
1258 1583 1291 1638 ot
1313 1578 1325 1639 l

260 1705 359 1767 snpra
378 1686 501 1758 visum,
524 1686 645 1747 formae
669 1702 792 1758 eorum,
815 1702 898 1763 quae
921 1692 998 1746 sunt
1013 1684 1040 1759 t,
1056 1704 1097 1759 m,
1119 1693 1215 1748 erunt
1230 1687 1335 1750 nobis'

259 1799 430 1871 deorsum,
454 1803 485 1858 et
507 1797 709 1876 apparebunt
732 1812 875 1875 eaquae
899 1813 1052 1870 sursum,
1075 1796 1238 1859 deorsum.
1260 1799 1323 1860 Res

260 1909 350 1970 enirn
361 1925 444 1987 quae
456 1906 781 1986 comprehenduntur
792 1924 849 1986 per
860 1905 1006 1981 visibiles
1019 1906 1128 1968 radios
1142 1906 1324 1984 inferiores

259 2019 410 2082 videntur
426 2018 459 2078 in
476 2025 565 2097 parte
582 2017 730 2078 inferiori
748 2016 795 2078 rei
810 2015 976 2078 videndae.
1000 2017 1091 2090 Quod
1109 2024 1219 2080 autem
1232 2019 1324 2081 vide-

260 2137 312 2192 tur
335 2147 372 2190 ex
394 2127 584 2190 huiusmodi
601 2127 918 2189 reverberationibus
932 2127 1098 2189 radiorum
1114 2127 1320 2204 inferiorum,

260 2245 394 2321 apparet
414 2240 449 2299 in
473 2239 635 2318 superiori
657 2243 768 2316 parte,
792 2244 823 2300 et
844 2237 874 2298 si
896 2235 1188 2317 existimaverimus
1210 2240 1231 2299 lt
1259 2249 1292 2302 et
1313 2242 1324 2301 1

257 2368 328 2413 esse
345 2369 364 2411 a
378 2348 497 2412 dextris
519 2349 618 2421 visua,
641 2348 765 2410 formae
782 2365 906 2421 earum,
921 2348 1074 2410 videlicet
1090 2349 1109 2409 lt
1123 2355 1155 2411 et
1168 2369 1211 2423 m,
1226 2368 1324 2431 appa-

259 2460 378 2523 rebunt
409 2460 443 2521 in
479 2459 612 2520 sinistra
641 2465 731 2538 parte
762 2459 881 2532 nostri,
908 2464 944 2541 et¹
970 2459 1017 2520 sic
1040 2460 1243 2539 apparebunt
1271 2479 1323 2524 res

259 2571 389 2634 dextrae
412 2556 579 2647 sinistraa;
603 2586 685 2648 quae
708 2568 798 2630 enim
820 2568 973 2631 videntur
986 2587 1046 2648 per
1061 2569 1169 2632 radios
1186 2571 1323 2646 dextros,

207 2744 213 2759 ι
259 2688 416 2762 apparent
437 2681 472 2741 in
495 2680 627 2740 sinistra
649 2686 749 2758 parte,
773 2687 805 2741 et
826 2697 910 2757 quae
933 2679 1253 2758 comprehenduntur
1266 2701 1324 2762 per
1392 2728 1394 2732 ι

260 2793 367 2854 radios
391 2790 539 2852 sinistros
562 2791 600 2852 de
623 2789 721 2851 rebus
744 2789 829 2851 veris
852 2788 946 2851 faciei
969 2791 1145 2871 oppositis,
1168 2800 1325 2873 apparent

259 2923 277 2964 a
300 2900 433 2972 dextriS,
455 2909 487 2962 et
509 2918 591 2979 quae
616 2918 673 2979 per
693 2899 753 2961 has
776 2900 1053 2964 reverberationes
1075 2902 1243 2976 videntur,
1264 2903 1324 2965 illa

258 3013 391 3092 quidem
414 3029 496 3091 quae
520 3012 561 3073 ad
576 2977 721 3072 dextrdm
736 3019 863 3090 partem
881 3019 1064 3087 moventur,
1082 3019 1238 3093 apparent
1254 3033 1324 3076 mo-

257 3123 325 3185 veri
353 3123 394 3184 ad
428 3123 610 3195 sinistram,
644 3122 801 3200 quoniam
833 3139 950 3185 manus
974 3130 1084 3185 nostra
1106 3142 1174 3185 non
1196 3125 1324 3187 videtur

258 3232 381 3295 moveri
403 3231 437 3293 in
462 3232 569 3293 forma
591 3239 665 3293 ante
696 3249 746 3305 se,
776 3232 834 3294 sed
865 3233 907 3294 ad
938 3233 1100 3296 diversam
1123 3241 1269 3313 partem,
1293 3242 1324 3297 et

258 3343 345 3423 quod
368 3343 411 3404 sit
433 3343 543 3404 dextra
565 3359 699 3417 manns;
729 3360 839 3404 rerum
862 3342 952 3404 enim
974 3345 1198 3423 oppositarum
1225 3344 1322 3407 faciei

257 3453 334 3515 illae
356 3471 439 3532 quae
461 3452 782 3532 comprehenduntur
804 3453 986 3515 secundum
1009 3454 1238 3529 directionem,
1265 3455 1322 3517 ha·

255 3565 335 3625 bent
357 3564 455 3625 situm
479 3565 608 3625 dextrae
631 3564 732 3643 partis
754 3564 789 3624 in
812 3562 947 3626 sinistra
968 3571 1058 3643 parte
1082 3571 1205 3628 nostra.

296 3677 338 3735 Ex
360 3674 410 3735 his
432 3676 531 3754 igitur
555 3692 638 3753 quae
661 3674 883 3754 exposuimus,
906 3682 1033 3755 oportet
1054 3684 1091 3737 ut
1114 3676 1148 3737 in
1167 3677 1319 3739 concavis

257 3784 398 3865 speculis
420 3785 476 3846 fiat
498 3785 628 3847 diverso
658 3785 778 3859 modo,
809 3803 908 3865 quam
931 3786 966 3847 in
988 3787 1087 3849 rebus
1110 3786 1250 3866 quaein
1274 3788 1321 3850 eis

256 3896 483 3977 aspiciuntur,
513 3897 710 3976 quandoque
740 3896 873 3975 quidem
895 3898 933 3959 fit
954 3897 1039 3983 sicut
1060 3899 1094 3959 in
1119 3898 1216 3961 rebus
1237 3916 1320 3977 quae

255 4000 341 4070 rect'e
373 4009 544 4081 videntur,
576 4009 773 4088 quandoque
802 4025 878 4070 vero
908 4008 1012 4071 aliter.
1047 4009 1235 4092 Secundum
1268 4028 1320 4071 res
