3278 5364
262 487 280 550 4

258 607 285 660 et
312 598 410 676 qualis
439 595 558 658 babitus
588 595 690 659 sitin
717 608 901 674 unopsapue
930 610 1059 670 carten,
1088 605 1118 659 ct
1147 598 1230 675 puod
1258 596 1341 659 nibil
1373 622 1377 627 ·

258 726 296 771 eu
316 709 358 770 eis
378 724 434 787 per
454 709 555 770 ouum
576 707 760 784 dipnoscitur
780 707 844 767 sine
869 705 1001 782 qualibet
1027 706 1128 769 lucido
1157 715 1187 768 et
1214 707 1343 785 quolibet

256 817 433 899 prohibente
451 817 699 897 penetrationem,
721 824 749 876 et
771 815 850 894 quod
867 832 904 876 en
918 816 993 895 ipsis
1006 816 1096 878 rebus
1109 816 1247 880 uidendis
1261 818 1339 879 alioe

257 929 398 993 uidemur
418 944 493 1001 uere,
514 935 544 989 et
563 926 642 991 aliae
662 927 813 1009 primast
835 926 912 989 oliae
933 925 1149 1005 sequentem&
1166 928 1339 991 continetur

259 1039 339 1118 quad
360 1039 396 1101 de
415 1030 518 1100 ceteris
537 1036 669 1098 sensibus
696 1044 788 1099 tactus
818 1042 939 1099 unum
966 1037 1171 1099 communicat
1196 1038 1279 1101 vimi
1305 1038 1341 1100 in

260 1147 465 1226 dipnosceudis
483 1147 644 1225 praedietis
666 1146 754 1207 rebus
775 1145 923 1218 uidendis,
943 1154 1064 1226 eccepto
1086 1145 1192 1220 colore,
1214 1147 1271 1225 qui
1283 1147 1342 1209 solo

261 1259 329 1320 unu
350 1257 545 1335 dinnoscitur.
570 1254 770 1317 Continentur
787 1256 879 1319 etiam
898 1271 952 1328 ea,
974 1272 1050 1333 puae
1077 1256 1222 1319 videmur
1247 1259 1344 1336 mapis

261 1377 289 1431 et
317 1368 440 1442 minus,
469 1374 496 1428 et
522 1367 601 1445 quod
628 1383 696 1440 res,
726 1382 802 1444 quac
824 1382 890 1429 vere
911 1374 940 1428 et
960 1382 1037 1444 quae
1057 1366 1157 1445 primo
1178 1367 1342 1443 uidentur,

262 1487 409 1559 apparent
434 1493 490 1556 per
514 1477 681 1554 passionem
706 1476 886 1538 condentem
913 1476 949 1538 in
973 1476 1063 1550 uisu,
1087 1477 1175 1538 estius
1196 1477 1359 1555 passionis·

224 1658 228 1665 ,
263 1590 326 1652 alia
347 1595 389 1651 est
409 1586 561 1659 coloratio,
582 1587 646 1648 alia
667 1589 772 1664 tractio
793 1586 900 1648 etalio
921 1585 1091 1660 revolutio,·
1112 1602 1189 1664 puae
1209 1604 1281 1649 aera
1297 1604 1343 1650 se·

262 1707 384 1778 quanter
400 1698 561 1770 uidentur,
582 1705 726 1805 apparent
744 1712 800 1772 per
821 1696 997 1792 accidentia,
1019 1713 1096 1773 quae
1116 1697 1255 1759 accidunt
1270 1715 1344 1779 pas-

261 1809 347 1872 sioni.
373 1807 409 1870 Et
436 1807 607 1869 continetur
632 1805 763 1884 qualiter
789 1815 933 1884 apparent
957 1821 1034 1884 attae
1060 1823 1183 1868 sursum
1205 1816 1240 1869 et
1268 1823 1344 1886 quae

259 1920 417 1992 morsum,
436 1926 464 1980 et
485 1934 560 1996 quoe
582 1933 600 1977 a
622 1917 736 1978 deutris
757 1924 785 1977 et
807 1933 883 1995 quae
904 1934 924 1979 u
944 1917 1099 1990 sinistris,
1122 1927 1150 1978 et
1172 1934 1250 1996 quae
1269 1935 1342 1998 pra·

261 2031 379 2110 pinque
395 2036 424 2090 et
443 2045 518 2106 puae
539 2035 662 2088 remota.
687 2024 861 2088 Continuus
882 2027 974 2088 etiam
996 2026 1074 2104 quod
1095 2043 1160 2088 uno
1186 2026 1273 2090 assela
1298 2029 1345 2090 ui·

262 2140 373 2212 detur,
393 2140 428 2201 in
448 2155 510 2200 uno
532 2138 594 2200 loeo
616 2137 736 2210 vitieris
758 2135 896 2198 similiter
916 2152 1036 2215 quoque
1056 2138 1093 2198 in
1111 2136 1182 2199 usta
1210 2138 1345 2201 laconi·

264 2252 329 2313 deri
349 2250 383 2312 id
403 2249 484 2328 quod
504 2265 575 2310 cnm
594 2248 731 2326 utrisque
750 2248 845 2310 anilis
872 2248 1037 2328 aspicitur,
1065 2249 1229 2311 muman
1255 2249 1347 2312 sisnul

263 2363 426 2442 aspiciatur
444 2375 498 2438 per
518 2359 619 2421 radios
640 2359 744 2420 ordine
765 2357 951 2433 consimiles,
980 2356 1115 2420 uidelicet
1141 2357 1286 2422 labsum
1311 2359 1348 2421 in

264 2486 447 2550 senmuapue
468 2468 632 2531 visibilium
650 2468 850 2548 pyramidum
870 2467 1001 2529 similem
1020 2468 1199 2548 positionem
1217 2477 1349 2549 resputu

263 2581 384 2664 proprii
410 2579 499 2654 auls,
528 2579 608 2657 quod
629 2577 664 2656 fit
685 2594 755 2640 curn
777 2594 849 2640 aces
869 2586 1013 2639 utrensm
1035 2579 1354 2661 pprmnidutttsuper

265 2710 360 2755 unam
381 2700 409 2752 et
429 2692 561 2752 eamdem
582 2671 646 2752 rem
668 2690 846 2762 ceciderint,
867 2689 945 2751 sicut
965 2690 1151 2752 neutraliter
1171 2698 1349 2754 consumti

266 2810 309 2865 est
321 2800 487 2883 aspicienti.
506 2800 600 2864 Sedsi
616 2802 697 2862 ocsus
711 2808 831 2878 cupetur
845 2798 981 2862 eucedere
998 2801 1242 2886 cmsuetudistem
1261 2816 1350 2864 utum

266 2912 394 2991 qnalibet
412 2911 515 2984 modo,
537 2915 566 2972 et
587 2910 784 2986 transferetur
802 2926 892 2990 penes
912 2909 1005 2972 allam
1025 2926 1102 2984 rem,
1124 2918 1152 2971 et
1171 2911 1256 2973 radii
1270 2928 1348 2973 oeu-

267 3024 367 3085 lorum
388 3020 537 3084 insimul
557 3020 716 3113 ceciderint
736 3035 828 3099 nuper
848 3020 936 3082 illam
958 3006 1064 3082 ordine
1083 3012 1268 3096 dissimiles,
1286 3012 1352 3101 *ap-

264 3130 380 3214 parebit
399 3132 504 3209 utipue
522 3147 568 3192 res
587 3131 652 3208 ipsu
672 3146 737 3192 uno
758 3131 793 3191 in
813 3130 938 3192 diuersis
960 3131 1040 3192 loen.
1054 3129 1245 3209 Appareburtt
1258 3131 1350 3193 etiam

267 3244 343 3305 duoe
364 3243 399 3304 in
420 3241 515 3304 tribus
536 3241 607 3303 loeis
627 3249 656 3301 et
676 3241 712 3302 in
733 3248 881 3318 quatuor,
902 3241 980 3302 sicut
1000 3241 1166 3302 ostusditus·
1184 3252 1240 3320 per
1258 3254 1349 3320 supu-

268 3353 329 3414 lam
351 3360 379 3414 et
400 3352 566 3432 oplindms,
590 3367 664 3430 quos
684 3351 765 3413 docet
786 3349 863 3427 ieri.
895 3349 976 3431 item
995 3352 1167 3413 ominetur
1192 3351 1349 3414 diuersitas

267 3462 513 3540 mapnitudinun
536 3478 573 3523 eu
593 3462 715 3540 capulis
735 3468 765 3523 et
785 3460 929 3523 distantia
949 3469 978 3522 et
993 3461 1148 3539 positione,
1170 3468 1200 3523 et
1219 3461 1350 3540 qualiter

266 3573 444 3637 sentiuntur
464 3570 558 3634 lineae
578 3579 673 3633 rectae
694 3579 722 3633 et
743 3571 926 3644 circulares,
948 3569 1122 3651 superficier-
1138 3566 1232 3634 etiam
1255 3571 1350 3652 plana

269 3691 296 3747 et
315 3681 470 3760 mbaerica
491 3689 519 3743 et
539 3696 633 3743 nante
653 3690 680 3744 et
700 3694 837 3754 maceca,
861 3689 889 3742 et
909 3683 1102 3743 continentur
1121 3681 1231 3762 speeies
1250 3689 1349 3743 cuttu

270 3800 299 3852 et
319 3791 537 3872 deceptionum
559 3806 652 3868 quare
673 3793 748 3854 oliae
767 3799 840 3852 sunt
860 3792 895 3852 in
916 3793 984 3854 uisu
1004 3799 1032 3851 et
1053 3790 1132 3854 aliae
1151 3791 1188 3853 tn
1203 3800 1312 3867 mutto,
1324 3799 1351 3852 et

271 3901 348 3963 oliae
367 3903 402 3963 in
423 3903 495 3983 ipsis
517 3901 603 3964 rebus
624 3902 774 3973 cumeis,
796 3918 849 3963 nec
870 3918 933 3963 non
954 3900 1349 3981 palmatarumque

272 4011 412 4074 occidunt
425 4012 506 4107 sisui
526 4013 561 4075 in
581 4012 669 4076 rebus
690 4011 835 4076 cidenms
