3278 5364
1288 528 1326 588 55

259 653 372 711 cursu,
384 643 417 701 et
432 635 520 717 quod
535 653 620 716 aqua
636 653 702 699 non
719 642 896 710 moveatur,
910 639 1066 715 quoniam
1082 644 1191 700 motus
1206 654 1323 718 aquae,

260 762 486 829 superquam
516 745 651 809 visibilis
682 745 795 809 radius
824 746 912 808 cadit
939 746 981 808 ad
1010 747 1171 811 diversam
1200 754 1328 829 partem

260 873 362 936 quam
382 856 491 933 illam,
514 849 555 919 ad
576 873 677 937 qnam
697 864 831 937 putatur
851 857 944 920 navis
967 857 1109 933 moveri,
1129 864 1265 939 apparet
1285 876 1324 921 ex

261 967 448 1032 diversitate
471 985 557 1048 quae
572 973 623 1030 est
635 966 723 1030 inter
735 966 878 1030 colorem
893 967 987 1030 navis
1003 974 1036 1031 et
1050 967 1193 1032 colorem
1209 985 1336 1050 aquae.¹

260 1076 434 1140 Dirersitas
463 1082 594 1167 numm,
621 1092 707 1155 qnae
728 1075 766 1139 fit
787 1093 825 1138 ex
845 1082 939 1139 motu
965 1078 1108 1156 partium
1136 1076 1322 1158 superficiei

263 1202 368 1266 aquae
390 1184 462 1250 solo
483 1203 551 1250 non
573 1191 660 1266 patet
681 1187 794 1249 sensui
821 1192 955 1266 propter
975 1185 1229 1250 similitudinem
1251 1204 1326 1268 par·

261 1296 345 1358 tium
371 1295 560 1378 superficiei
588 1304 621 1358 et
647 1294 900 1358 similitudinem
926 1294 1048 1359 coloris
1071 1297 1165 1373 eius;
1194 1303 1326 1376 propter

262 1407 446 1469 motionem
474 1422 553 1468 vero
587 1404 672 1467 radii
703 1404 843 1489 visibilis
876 1421 975 1485 super
1004 1413 1111 1485 partes
1138 1405 1325 1486 superficiei

263 1514 313 1578 rei
339 1515 521 1590 videndae,
551 1521 679 1596 oportet
705 1513 845 1578 alterum
873 1532 990 1579 eorum
1018 1515 1121 1578 videri
1144 1515 1234 1597 qnod
1255 1532 1326 1578 mo·

261 1631 376 1698 vetur,
404 1623 474 1688 sire
502 1641 589 1704 aqua
615 1624 683 1687 sive
711 1625 817 1688 navis.
845 1625 926 1688 (lum
952 1643 1029 1706 ergo
1056 1625 1222 1689 videbitur
1242 1641 1328 1705 aqua

262 1733 358 1814 quasi
389 1733 588 1815 quiescens,
618 1734 717 1798 debet
747 1751 903 1814 apparere
932 1742 1042 1798 motus
1072 1753 1092 1798 a
1122 1735 1219 1811 navi3
1248 1752 1326 1798 curn

262 1849 375 1907 autem
403 1843 625 1925 aspexerimus
653 1845 696 1906 ad
722 1845 843 1923 aquam
871 1850 905 1908 et
932 1851 1052 1906 terram
1083 1850 1116 1906 et
1143 1861 1261 1907 navem
1291 1844 1327 1905 in

261 1951 384 2028 simul,
414 1960 448 2017 et
468 1953 679 2034 posuerimus
706 1953 741 2015 in
767 1954 881 2016 animo
908 1961 1021 2016 nostro
1050 1953 1139 2033 quod
1167 1961 1255 2017 terra
1282 1953 1325 2015 sit

263 2064 458 2142 quiescens,
484 2063 669 2127 videbimus
696 2080 815 2127 navem
843 2063 1094 2144 quiescentem,
1125 2080 1203 2127 cum
1232 2063 1326 2127 navis

264 2173 422 2255 aspicitur
441 2190 500 2253 per
520 2173 609 2252 ipsos
632 2173 760 2248 radios,
789 2173 910 2252 quihus
933 2180 965 2236 et
985 2181 1121 2248 terram,
1148 2180 1181 2237 et
1199 2174 1327 2238 ridebi-

262 2300 337 2346 mus
358 2298 479 2362 aquam
496 2283 638 2357 moveri,
653 2299 729 2346 cum
747 2283 999 2362 cognoverimus
1016 2300 1136 2347 navem
1154 2289 1187 2348 et
1206 2290 1325 2372 terram

265 2392 481 2472 quiescentes.
514 2392 595 2456 ltem
616 2393 645 2455 si
666 2391 947 2463 ambularerimus
969 2392 1004 2456 in
1025 2393 1103 2456 navi
1124 2410 1224 2473 prope
1245 2391 1325 2456 litus

263 2503 299 2565 in
322 2508 471 2582 tempore
493 2502 683 2576 tenebroso,
704 2502 756 2567 vel
778 2502 814 2565 in
837 2501 904 2565 alio
925 2519 1025 2581 quam
1043 2503 1189 2578 innavi,
1207 2509 1239 2567 et
1256 2520 1324 2566 non

260 2612 501 2692 perceperimus
528 2612 709 2676 motionem
731 2611 963 2692 rei‘portantis
985 2628 1068 2687 nos,
1096 2619 1252 2693 putamus
1274 2631 1324 2675 ar·

262 2723 359 2786 bores
380 2729 414 2785 et
434 2710 488 2785 'res
509 2698 544 2785 in
568 2729 653 2786 terra
674 2722 857 2786 eminentes
885 2722 1033 2798 moveri;
1061 2723 1219 2803 quoniam
1248 2724 1325 2787 curn
1356 2766 1359 2770 -

262 2830 404 2895 visibilis
425 2832 538 2896 radius
559 2833 769 2906 transfertur,
783 2832 995 2896 ratiocinatur
1010 2834 1098 2913 quod
1112 2815 1166 2897 res
1179 2833 1324 2898 visibiles

198 3013 200 3017 ¹
260 2941 503 3005 transferuntur
533 2948 664 3023 propter
694 2941 942 3006 translationem
971 2942 1110 3006 visibilis
1140 2943 1233 3006 radii.
1263 2945 1325 3009 lies

263 3056 373 3115 autem
392 3049 541 3114 risibiles
562 3068 640 3115 cum
657 3051 780 3115 fuerint
790 3039 941 3125 stabiles,
956 3059 1089 3133 putatur
1102 3053 1192 3133 quod
1206 3062 1325 3140 mptus,

261 3161 320 3242 qui
341 3154 489 3241 apparet,
511 3161 555 3222 sit
575 3162 610 3223 in
634 3160 690 3223 eie.
714 3161 849 3224 Petatur
869 3163 969 3225 etiam
992 3162 1081 3241 quod
1101 3142 1210 3241 imitgo
1229 3163 1324 3226 faciei

260 3270 408 3351 depictae
428 3270 464 3332 in
487 3270 608 3333 tabulis
629 3270 785 3350 respiciat
810 3289 925 3351 parum
950 3273 985 3333 in
1011 3271 1208 3351 aspicientes
1233 3272 1323 3335 illam

260 3380 334 3444 sine
354 3387 449 3444 motu
468 3381 573 3460 ipsius
594 3381 770 3460 imaginis,
798 3381 954 3463 qnoniam
976 3399 1053 3444 vera
1073 3383 1234 3461 respectio
1255 3401 1323 3445 non

259 3491 461 3569 dignoscitur
482 3490 548 3553 nisi
570 3509 627 3571 per
643 3489 854 3554 stabilitatem
872 3491 997 3554 formae
1015 3492 1163 3554 eiusdem
1181 3493 1323 3557 visibilis

259 3600 362 3675 radii,
391 3599 449 3679 qui
477 3595 564 3663 cadit
595 3618 695 3681 snper
724 3600 886 3680 depictam
913 3600 1043 3664 faciem.
1071 3601 1219 3666 visibilis
1246 3621 1323 3682 ergo

260 3726 377 3773 sensus
399 3727 467 3772 non
492 3710 583 3772 novit
606 3709 685 3782 hoc,
711 3710 770 3773 sed
793 3711 955 3791 respectio
979 3709 1014 3773 flt
1035 3713 1075 3775 ad
1097 3712 1208 3775 locum
1229 3714 1322 3788 radii,

258 3818 315 3897 qni
330 3827 380 3883 est
393 3819 596 3900 propinquus
612 3820 663 3882 axi
677 3827 815 3893 tantum,
827 3821 987 3900 quoniam
1002 3822 1092 3902 ipsae
1104 3829 1214 3903 partes
1227 3822 1334 3915 faciei¹

261 3924 467 4008 aspiciuntur
487 3946 546 4011 per
566 3930 675 3992 radios
697 3929 800 4003 visus,
821 3930 878 4008 qui
899 3939 978 3993 sunt
994 3933 1109 3995 ordine
1124 3933 1321 3995 consimiles.

260 4037 340 4101 Cum
368 4056 445 4119 ergo
471 4039 640 4120 aspiciens.
660 4020 886 4118 elongabitur,
913 4047 1006 4120 putat
1030 4041 1118 4119 quod
1142 4042 1249 4121 image
1273 4061 1322 4106 re-

262 4149 375 4229 spiciat
397 4167 489 4227 eum,
514 4167 552 4212 eo
576 4149 779 4229 respiciente.
