<?xml version="1.0" encoding="UTF-8"?>
<!DOCTYPE html PUBLIC "-//W3C//DTD XHTML 1.0 Transitional//EN"
    "http://www.w3.org/TR/xhtml1/DTD/xhtml1-transitional.dtd">
<html xmlns="http://www.w3.org/1999/xhtml" xml:lang="en" lang="en">
 <head>
  <title>
</title>
<meta http-equiv="Content-Type" content="text/html;charset=utf-8" />
  <meta name='ocr-system' content='tesseract 3.04.00' />
  <meta name='ocr-capabilities' content='ocr_page ocr_carea ocr_par ocr_line ocrx_word'/>
</head>
<body>
  <div class='ocr_page' id='page_1' title='image "./lotticadiclaudi00eugegoog_0197.png"; bbox 0 0 3278 5364; ppageno 0'>
   <div class='ocr_carea' id='block_1_1' title="bbox 258 569 1372 4195">
    <p class='ocr_par' dir='ltr' id='par_1_1' title="bbox 258 569 1325 1424">
     <span class='ocr_line' id='line_1_1' title="bbox 260 569 321 636; baseline 0 0"><span class='ocrx_word' id='word_1_1' title='bbox 260 569 321 636; x_wconf 77' lang='lat' dir='ltr'>tto</span> 
     </span>
     <span class='ocr_line' id='line_1_2' title="bbox 259 679 1322 761; baseline -0.003 -15"><span class='ocrx_word' id='word_1_2' title='bbox 259 681 573 746; x_wconf 75' lang='lat' dir='ltr'>reverberationibus</span> <span class='ocrx_word' id='word_1_3' title='bbox 587 685 620 758; x_wconf 82' lang='lat' dir='ltr'>d,</span> <span class='ocrx_word' id='word_1_4' title='bbox 642 688 675 744; x_wconf 91' lang='lat' dir='ltr'>et</span> <span class='ocrx_word' id='word_1_5' title='bbox 696 681 758 743; x_wconf 90' lang='lat' dir='ltr'>erit</span> <span class='ocrx_word' id='word_1_6' title='bbox 779 680 884 744; x_wconf 89' lang='lat' dir='ltr'>iorma</span> <span class='ocrx_word' id='word_1_7' title='bbox 898 683 931 756; x_wconf 87' lang='lat' dir='ltr'>b,</span> <span class='ocrx_word' id='word_1_8' title='bbox 953 696 1037 761; x_wconf 74' lang='lat' dir='ltr'>quiae</span> <span class='ocrx_word' id='word_1_9' title='bbox 1055 684 1189 761; x_wconf 82' lang='lat' dir='ltr'>apparet</span> <span class='ocrx_word' id='word_1_10' title='bbox 1205 679 1322 743; x_wconf 85' lang='lat' dir='ltr'>vlsuio</span> 
     </span>
     <span class='ocr_line' id='line_1_3' title="bbox 261 789 1324 875; baseline -0.002 -21"><span class='ocrx_word' id='word_1_11' title='bbox 261 794 295 856; x_wconf 92' lang='lat' dir='ltr'>in</span> <span class='ocrx_word' id='word_1_12' title='bbox 313 800 433 875; x_wconf 91' lang='lat' dir='ltr'>puncto</span> <span class='ocrx_word' id='word_1_13' title='bbox 450 811 480 866; x_wconf 86' lang='lat' dir='ltr'>s,</span> <span class='ocrx_word' id='word_1_14' title='bbox 497 791 665 873; x_wconf 84' lang='lat' dir='ltr'>principiis</span> <span class='ocrx_word' id='word_1_15' title='bbox 684 791 838 854; x_wconf 72' lang='lat' dir='ltr'>scientiae</span> <span class='ocrx_word' id='word_1_16' title='bbox 856 789 1031 871; x_wconf 87' lang='lat' dir='ltr'>planorum</span> <span class='ocrx_word' id='word_1_17' title='bbox 1046 789 1257 870; x_wconf 89' lang='lat' dir='ltr'>speculorum</span> <span class='ocrx_word' id='word_1_18' title='bbox 1271 789 1324 852; x_wconf 91' lang='lat' dir='ltr'>ob·</span> 
     </span>
     <span class='ocr_line' id='line_1_4' title="bbox 259 898 1324 979; baseline -0.003 -17"><span class='ocrx_word' id='word_1_19' title='bbox 259 902 462 964; x_wconf 81' lang='lat' dir='ltr'>servantibus</span> <span class='ocrx_word' id='word_1_20' title='bbox 476 898 636 964; x_wconf 89' lang='lat' dir='ltr'>visibilem</span> <span class='ocrx_word' id='word_1_21' title='bbox 653 898 900 976; x_wconf 67' lang='lat' dir='ltr'>certitudinem</span> <span class='ocrx_word' id='word_1_22' title='bbox 919 899 1076 979; x_wconf 87' lang='lat' dir='ltr'>quoniam</span> <span class='ocrx_word' id='word_1_23' title='bbox 1091 902 1155 963; x_wconf 79' lang='lat' dir='ltr'>adr</span> <span class='ocrx_word' id='word_1_24' title='bbox 1174 906 1224 962; x_wconf 88' lang='lat' dir='ltr'>est</span> <span class='ocrx_word' id='word_1_25' title='bbox 1238 899 1324 960; x_wconf 90' lang='lat' dir='ltr'>sicut</span> 
     </span>
     <span class='ocr_line' id='line_1_5' title="bbox 258 1010 1324 1092; baseline -0.005 -17"><span class='ocrx_word' id='word_1_26' title='bbox 258 1013 317 1087; x_wconf 83' lang='lat' dir='ltr'>od,</span> <span class='ocrx_word' id='word_1_27' title='bbox 331 1014 385 1087; x_wconf 79' lang='lat' dir='ltr'>da,</span> <span class='ocrx_word' id='word_1_28' title='bbox 399 1012 437 1074; x_wconf 78' lang='lat' dir='ltr'>eb</span> <span class='ocrx_word' id='word_1_29' title='bbox 456 1010 556 1074; x_wconf 90' lang='lat' dir='ltr'>simul</span> <span class='ocrx_word' id='word_1_30' title='bbox 573 1017 735 1092; x_wconf 79' lang='lat' dir='ltr'>acceptae.</span> <span class='ocrx_word' id='word_1_31' title='bbox 755 1011 836 1083; x_wconf 84' lang='lat' dir='ltr'>Quia</span> <span class='ocrx_word' id='word_1_32' title='bbox 850 1029 927 1090; x_wconf 81' lang='lat' dir='ltr'>ergo</span> <span class='ocrx_word' id='word_1_33' title='bbox 943 1012 979 1072; x_wconf 85' lang='lat' dir='ltr'>be</span> <span class='ocrx_word' id='word_1_34' title='bbox 996 1018 1046 1074; x_wconf 90' lang='lat' dir='ltr'>est</span> <span class='ocrx_word' id='word_1_35' title='bbox 1060 1010 1147 1072; x_wconf 89' lang='lat' dir='ltr'>sicut</span> <span class='ocrx_word' id='word_1_36' title='bbox 1159 1026 1217 1084; x_wconf 81' lang='lat' dir='ltr'>art,</span> <span class='ocrx_word' id='word_1_37' title='bbox 1231 1011 1324 1072; x_wconf 81' lang='lat' dir='ltr'>etad</span> 
     </span>
     <span class='ocr_line' id='line_1_6' title="bbox 260 1119 1325 1202; baseline -0.005 -16"><span class='ocrx_word' id='word_1_38' title='bbox 260 1130 309 1186; x_wconf 91' lang='lat' dir='ltr'>est</span> <span class='ocrx_word' id='word_1_39' title='bbox 336 1122 425 1186; x_wconf 86' lang='lat' dir='ltr'>sicut</span> <span class='ocrx_word' id='word_1_40' title='bbox 447 1127 510 1196; x_wconf 84' lang='lat' dir='ltr'>ds,</span> <span class='ocrx_word' id='word_1_41' title='bbox 542 1138 618 1184; x_wconf 92' lang='lat' dir='ltr'>cum</span> <span class='ocrx_word' id='word_1_42' title='bbox 649 1119 738 1184; x_wconf 89' lang='lat' dir='ltr'>linea</span> <span class='ocrx_word' id='word_1_43' title='bbox 764 1123 809 1183; x_wconf 85' lang='lat' dir='ltr'>od</span> <span class='ocrx_word' id='word_1_44' title='bbox 835 1121 966 1202; x_wconf 82' lang='lat' dir='ltr'>utrique</span> <span class='ocrx_word' id='word_1_45' title='bbox 994 1120 1080 1200; x_wconf 88' lang='lat' dir='ltr'>parti</span> <span class='ocrx_word' id='word_1_46' title='bbox 1106 1119 1325 1182; x_wconf 88' lang='lat' dir='ltr'>communiter</span> 
     </span>
     <span class='ocr_line' id='line_1_7' title="bbox 259 1228 1322 1314; baseline -0.003 -19"><span class='ocrx_word' id='word_1_47' title='bbox 259 1234 359 1296; x_wconf 84' lang='lat' dir='ltr'>luerit</span> <span class='ocrx_word' id='word_1_48' title='bbox 380 1233 542 1314; x_wconf 89' lang='lat' dir='ltr'>opposita,</span> <span class='ocrx_word' id='word_1_49' title='bbox 566 1232 628 1296; x_wconf 91' lang='lat' dir='ltr'>erit</span> <span class='ocrx_word' id='word_1_50' title='bbox 648 1239 716 1294; x_wconf 91' lang='lat' dir='ltr'>tota</span> <span class='ocrx_word' id='word_1_51' title='bbox 736 1250 775 1294; x_wconf 83' lang='lat' dir='ltr'>cs</span> <span class='ocrx_word' id='word_1_52' title='bbox 797 1232 881 1295; x_wconf 92' lang='lat' dir='ltr'>sicut</span> <span class='ocrx_word' id='word_1_53' title='bbox 902 1231 1009 1295; x_wconf 90' lang='lat' dir='ltr'>lineae</span> <span class='ocrx_word' id='word_1_54' title='bbox 1025 1231 1081 1307; x_wconf 81' lang='lat' dir='ltr'>od,</span> <span class='ocrx_word' id='word_1_55' title='bbox 1096 1233 1153 1305; x_wconf 82' lang='lat' dir='ltr'>de,</span> <span class='ocrx_word' id='word_1_56' title='bbox 1167 1232 1207 1296; x_wconf 73' lang='lat' dir='ltr'>ab</span> <span class='ocrx_word' id='word_1_57' title='bbox 1223 1228 1322 1293; x_wconf 91' lang='lat' dir='ltr'>simul</span> 
     </span>
     <span class='ocr_line' id='line_1_8' title="bbox 259 1352 418 1424; baseline 0 -18"><span class='ocrx_word' id='word_1_58' title='bbox 259 1352 418 1424; x_wconf 79' lang='lat' dir='ltr'>acceptae.</span> 
     </span>
    </p>

    <p class='ocr_par' dir='ltr' id='par_1_2' title="bbox 259 1452 1372 4195">
     <span class='ocr_line' id='line_1_9' title="bbox 300 1452 1325 1535; baseline -0.002 -19"><span class='ocrx_word' id='word_1_59' title='bbox 300 1452 423 1518; x_wconf 75' lang='lat' dir='ltr'>accidit</span> <span class='ocrx_word' id='word_1_60' title='bbox 444 1461 551 1517; x_wconf 87' lang='lat' dir='ltr'>autem</span> <span class='ocrx_word' id='word_1_61' title='bbox 574 1461 705 1535; x_wconf 88' lang='lat' dir='ltr'>propter</span> <span class='ocrx_word' id='word_1_62' title='bbox 726 1471 765 1517; x_wconf 90' lang='lat' dir='ltr'>ea</span> <span class='ocrx_word' id='word_1_63' title='bbox 781 1471 865 1534; x_wconf 90' lang='lat' dir='ltr'>quae</span> <span class='ocrx_word' id='word_1_64' title='bbox 880 1454 1037 1529; x_wconf 84' lang='lat' dir='ltr'>diximus,</span> <span class='ocrx_word' id='word_1_65' title='bbox 1052 1470 1125 1515; x_wconf 92' lang='lat' dir='ltr'>cum</span> <span class='ocrx_word' id='word_1_66' title='bbox 1141 1452 1267 1516; x_wconf 78' lang='lat' dir='ltr'>luerint</span> <span class='ocrx_word' id='word_1_67' title='bbox 1279 1468 1325 1514; x_wconf 90' lang='lat' dir='ltr'>re·</span> 
     </span>
     <span class='ocr_line' id='line_1_10' title="bbox 260 1564 1324 1646; baseline 0.001 -19"><span class='ocrx_word' id='word_1_68' title='bbox 260 1564 498 1629; x_wconf 85' lang='lat' dir='ltr'>verberationes</span> <span class='ocrx_word' id='word_1_69' title='bbox 525 1565 656 1646; x_wconf 86' lang='lat' dir='ltr'>plures,</span> <span class='ocrx_word' id='word_1_70' title='bbox 686 1572 720 1628; x_wconf 90' lang='lat' dir='ltr'>et</span> <span class='ocrx_word' id='word_1_71' title='bbox 745 1566 935 1646; x_wconf 83' lang='lat' dir='ltr'>magnitudo</span> <span class='ocrx_word' id='word_1_72' title='bbox 958 1565 1137 1629; x_wconf 88' lang='lat' dir='ltr'>formarum</span> <span class='ocrx_word' id='word_1_73' title='bbox 1159 1570 1193 1628; x_wconf 89' lang='lat' dir='ltr'>et</span> <span class='ocrx_word' id='word_1_74' title='bbox 1214 1580 1324 1628; x_wconf 85' lang='lat' dir='ltr'>ramur</span> 
     </span>
     <span class='ocr_line' id='line_1_11' title="bbox 259 1673 1324 1757; baseline -0.004 -17"><span class='ocrx_word' id='word_1_75' title='bbox 259 1690 411 1741; x_wconf 81' lang='lat' dir='ltr'>verarum</span> <span class='ocrx_word' id='word_1_76' title='bbox 439 1675 607 1757; x_wconf 87' lang='lat' dir='ltr'>aequalis,</span> <span class='ocrx_word' id='word_1_77' title='bbox 635 1675 815 1740; x_wconf 88' lang='lat' dir='ltr'>secundum</span> <span class='ocrx_word' id='word_1_78' title='bbox 841 1678 929 1757; x_wconf 88' lang='lat' dir='ltr'>quod</span> <span class='ocrx_word' id='word_1_79' title='bbox 950 1686 1000 1740; x_wconf 88' lang='lat' dir='ltr'>est</span> <span class='ocrx_word' id='word_1_80' title='bbox 1020 1676 1188 1757; x_wconf 87' lang='lat' dir='ltr'>proprium</span> <span class='ocrx_word' id='word_1_81' title='bbox 1216 1673 1324 1756; x_wconf 89' lang='lat' dir='ltr'>planis</span> 
     </span>
     <span class='ocr_line' id='line_1_12' title="bbox 260 1786 1324 1869; baseline -0.004 -18"><span class='ocrx_word' id='word_1_82' title='bbox 260 1787 421 1869; x_wconf 89' lang='lat' dir='ltr'>speculis,</span> <span class='ocrx_word' id='word_1_83' title='bbox 448 1795 481 1851; x_wconf 90' lang='lat' dir='ltr'>et</span> <span class='ocrx_word' id='word_1_84' title='bbox 508 1804 575 1850; x_wconf 93' lang='lat' dir='ltr'>non</span> <span class='ocrx_word' id='word_1_85' title='bbox 602 1788 702 1850; x_wconf 84' lang='lat' dir='ltr'>fuerit</span> <span class='ocrx_word' id='word_1_86' title='bbox 723 1788 841 1868; x_wconf 91' lang='lat' dir='ltr'>positio</span> <span class='ocrx_word' id='word_1_87' title='bbox 863 1786 1031 1867; x_wconf 81' lang='lat' dir='ltr'>aequalis3</span> <span class='ocrx_word' id='word_1_88' title='bbox 1059 1793 1139 1849; x_wconf 88' lang='lat' dir='ltr'>tunc</span> <span class='ocrx_word' id='word_1_89' title='bbox 1161 1786 1252 1850; x_wconf 91' lang='lat' dir='ltr'>enim</span> <span class='ocrx_word' id='word_1_90' title='bbox 1273 1802 1324 1866; x_wconf 89' lang='lat' dir='ltr'>ap-</span> 
     </span>
     <span class='ocr_line' id='line_1_13' title="bbox 260 1896 1325 1979; baseline -0.004 -17"><span class='ocrx_word' id='word_1_91' title='bbox 260 1906 351 1979; x_wconf 90' lang='lat' dir='ltr'>paret</span> <span class='ocrx_word' id='word_1_92' title='bbox 372 1899 561 1979; x_wconf 79' lang='lat' dir='ltr'>magnitudo</span> <span class='ocrx_word' id='word_1_93' title='bbox 583 1897 746 1979; x_wconf 87' lang='lat' dir='ltr'>aequalis,</span> <span class='ocrx_word' id='word_1_94' title='bbox 764 1915 840 1961; x_wconf 90' lang='lat' dir='ltr'>cum</span> <span class='ocrx_word' id='word_1_95' title='bbox 858 1915 1015 1961; x_wconf 87' lang='lat' dir='ltr'>numems</span> <span class='ocrx_word' id='word_1_96' title='bbox 1033 1896 1243 1979; x_wconf 86' lang='lat' dir='ltr'>speculorum</span> <span class='ocrx_word' id='word_1_97' title='bbox 1259 1896 1325 1959; x_wconf 84' lang='lat' dir='ltr'>fue·</span> 
     </span>
     <span class='ocr_line' id='line_1_14' title="bbox 260 1986 1326 2090; baseline -0.002 -19"><span class='ocrx_word' id='word_1_98' title='bbox 260 2011 303 2072; x_wconf 91' lang='lat' dir='ltr'>rit</span> <span class='ocrx_word' id='word_1_99' title='bbox 329 2011 437 2090; x_wconf 91' lang='lat' dir='ltr'>impar</span> <span class='ocrx_word' id='word_1_100' title='bbox 462 2014 608 2087; x_wconf 88' lang='lat' dir='ltr'>tantum;</span> <span class='ocrx_word' id='word_1_101' title='bbox 639 2009 711 2088; x_wconf 90' lang='lat' dir='ltr'>pari</span> <span class='ocrx_word' id='word_1_102' title='bbox 741 2009 830 2072; x_wconf 91' lang='lat' dir='ltr'>enim</span> <span class='ocrx_word' id='word_1_103' title='bbox 859 1986 1039 2083; x_wconf 75' lang='lat' dir='ltr'>amstente,</span> <span class='ocrx_word' id='word_1_104' title='bbox 1062 2014 1195 2090; x_wconf 86' lang='lat' dir='ltr'>apparet</span> <span class='ocrx_word' id='word_1_105' title='bbox 1217 2007 1326 2070; x_wconf 77' lang='lat' dir='ltr'>desua</span> 
     </span>
     <span class='ocr_line' id='line_1_15' title="bbox 261 2117 1325 2199; baseline -0.003 -16"><span class='ocrx_word' id='word_1_106' title='bbox 261 2121 415 2194; x_wconf 88' lang='lat' dir='ltr'>sinistra,</span> <span class='ocrx_word' id='word_1_107' title='bbox 438 2128 470 2183; x_wconf 89' lang='lat' dir='ltr'>et</span> <span class='ocrx_word' id='word_1_108' title='bbox 492 2119 625 2182; x_wconf 86' lang='lat' dir='ltr'>sinistra</span> <span class='ocrx_word' id='word_1_109' title='bbox 648 2120 768 2183; x_wconf 84' lang='lat' dir='ltr'>dextra.</span> <span class='ocrx_word' id='word_1_110' title='bbox 801 2120 849 2183; x_wconf 86' lang='lat' dir='ltr'>Sit</span> <span class='ocrx_word' id='word_1_111' title='bbox 870 2138 947 2199; x_wconf 83' lang='lat' dir='ltr'>ergo</span> <span class='ocrx_word' id='word_1_112' title='bbox 969 2121 1058 2183; x_wconf 89' lang='lat' dir='ltr'>visus</span> <span class='ocrx_word' id='word_1_113' title='bbox 1079 2138 1099 2182; x_wconf 87' lang='lat' dir='ltr'>o</span> <span class='ocrx_word' id='word_1_114' title='bbox 1121 2117 1191 2197; x_wconf 67' lang='lat' dir='ltr'>(fio.</span> <span class='ocrx_word' id='word_1_115' title='bbox 1216 2120 1272 2193; x_wconf 82' lang='grc'>78)</span> <span class='ocrx_word' id='word_1_116' title='bbox 1294 2124 1325 2181; x_wconf 90' lang='lat' dir='ltr'>et</span> 
     </span>
     <span class='ocr_line' id='line_1_16' title="bbox 261 2229 1325 2311; baseline -0.004 -18"><span class='ocrx_word' id='word_1_117' title='bbox 261 2249 314 2296; x_wconf 91' lang='lat' dir='ltr'>res</span> <span class='ocrx_word' id='word_1_118' title='bbox 334 2231 474 2294; x_wconf 88' lang='lat' dir='ltr'>videnda</span> <span class='ocrx_word' id='word_1_119' title='bbox 495 2232 557 2310; x_wconf 72' lang='lat' dir='ltr'>tp,</span> <span class='ocrx_word' id='word_1_120' title='bbox 586 2240 619 2294; x_wconf 92' lang='lat' dir='ltr'>et</span> <span class='ocrx_word' id='word_1_121' title='bbox 648 2238 759 2311; x_wconf 85' lang='lat' dir='ltr'>tegens</span> <span class='ocrx_word' id='word_1_122' title='bbox 786 2233 829 2293; x_wconf 88' lang='lat' dir='ltr'>sit</span> <span class='ocrx_word' id='word_1_123' title='bbox 849 2233 891 2306; x_wconf 79' lang='lat' dir='ltr'>d,</span> <span class='ocrx_word' id='word_1_124' title='bbox 918 2231 1024 2311; x_wconf 91' lang='lat' dir='ltr'>sitque</span> <span class='ocrx_word' id='word_1_125' title='bbox 1045 2229 1266 2301; x_wconf 85' lang='lat' dir='ltr'>reverberatio</span> <span class='ocrx_word' id='word_1_126' title='bbox 1287 2244 1325 2292; x_wconf 84' lang='lat' dir='ltr'>ex</span> 
     </span>
     <span class='ocr_line' id='line_1_17' title="bbox 263 2337 1326 2422; baseline -0.004 -17"><span class='ocrx_word' id='word_1_127' title='bbox 263 2343 367 2406; x_wconf 91' lang='lat' dir='ltr'>tribus</span> <span class='ocrx_word' id='word_1_128' title='bbox 396 2340 559 2422; x_wconf 89' lang='lat' dir='ltr'>speculis,</span> <span class='ocrx_word' id='word_1_129' title='bbox 588 2341 738 2405; x_wconf 85' lang='lat' dir='ltr'>videlicet</span> <span class='ocrx_word' id='word_1_130' title='bbox 758 2362 815 2418; x_wconf 82' lang='lat' dir='ltr'>ez,</span> <span class='ocrx_word' id='word_1_131' title='bbox 838 2344 899 2416; x_wconf 84' lang='lat' dir='ltr'>tt,</span> <span class='ocrx_word' id='word_1_132' title='bbox 920 2342 956 2404; x_wconf 79' lang='lat' dir='ltr'>lsl</span> <span class='ocrx_word' id='word_1_133' title='bbox 968 2391 976 2417; x_wconf 92' lang='lat'>,</span> <span class='ocrx_word' id='word_1_134' title='bbox 1004 2349 1038 2405; x_wconf 91' lang='lat' dir='ltr'>et</span> <span class='ocrx_word' id='word_1_135' title='bbox 1065 2339 1265 2419; x_wconf 80' lang='lat' dir='ltr'>refringatur</span> <span class='ocrx_word' id='word_1_136' title='bbox 1286 2337 1326 2401; x_wconf 83' lang='lat' dir='ltr'>ad</span> 
     </span>
     <span class='ocr_line' id='line_1_18' title="bbox 262 2450 1323 2533; baseline -0.005 -16"><span class='ocrx_word' id='word_1_137' title='bbox 262 2454 425 2533; x_wconf 87' lang='lat' dir='ltr'>partemb</span> <span class='ocrx_word' id='word_1_138' title='bbox 454 2452 565 2517; x_wconf 89' lang='lat' dir='ltr'>radius</span> <span class='ocrx_word' id='word_1_139' title='bbox 592 2451 632 2515; x_wconf 88' lang='lat' dir='ltr'>ad</span> <span class='ocrx_word' id='word_1_140' title='bbox 660 2450 814 2532; x_wconf 84' lang='lat' dir='ltr'>aequales</span> <span class='ocrx_word' id='word_1_141' title='bbox 842 2450 978 2532; x_wconf 77' lang='lat' dir='ltr'>angulos</span> <span class='ocrx_word' id='word_1_142' title='bbox 1008 2453 1042 2513; x_wconf 91' lang='lat' dir='ltr'>in</span> <span class='ocrx_word' id='word_1_143' title='bbox 1072 2450 1229 2514; x_wconf 91' lang='lat' dir='ltr'>omnibus</span> <span class='ocrx_word' id='word_1_144' title='bbox 1251 2466 1323 2530; x_wconf 82' lang='lat' dir='ltr'>spe·</span> 
     </span>
     <span class='ocr_line' id='line_1_19' title="bbox 261 2559 1324 2642; baseline -0.004 -16"><span class='ocrx_word' id='word_1_145' title='bbox 261 2563 364 2638; x_wconf 87' lang='lat' dir='ltr'>culis,</span> <span class='ocrx_word' id='word_1_146' title='bbox 391 2568 424 2626; x_wconf 89' lang='lat' dir='ltr'>et</span> <span class='ocrx_word' id='word_1_147' title='bbox 445 2563 488 2624; x_wconf 91' lang='lat' dir='ltr'>sit</span> <span class='ocrx_word' id='word_1_148' title='bbox 508 2581 567 2636; x_wconf 85' lang='lat' dir='ltr'>oe,</span> <span class='ocrx_word' id='word_1_149' title='bbox 589 2564 649 2639; x_wconf 85' lang='lat' dir='ltr'>elt,</span> <span class='ocrx_word' id='word_1_150' title='bbox 671 2563 737 2642; x_wconf 80' lang='lat' dir='ltr'>bk,</span> <span class='ocrx_word' id='word_1_151' title='bbox 761 2563 822 2637; x_wconf 75' lang='lat' dir='ltr'>leb,</span> <span class='ocrx_word' id='word_1_152' title='bbox 844 2570 876 2626; x_wconf 89' lang='lat' dir='ltr'>et</span> <span class='ocrx_word' id='word_1_153' title='bbox 897 2562 1092 2641; x_wconf 79' lang='lat' dir='ltr'>refringatur</span> <span class='ocrx_word' id='word_1_154' title='bbox 1113 2561 1155 2623; x_wconf 88' lang='lat' dir='ltr'>ad</span> <span class='ocrx_word' id='word_1_155' title='bbox 1174 2580 1194 2639; x_wconf 76' lang='lat' dir='ltr'>p</span> <span class='ocrx_word' id='word_1_156' title='bbox 1214 2559 1324 2622; x_wconf 88' lang='lat' dir='ltr'>radius</span> 
     </span>
     <span class='ocr_line' id='line_1_20' title="bbox 262 2670 1326 2754; baseline -0.007 -16"><span class='ocrx_word' id='word_1_157' title='bbox 262 2694 326 2746; x_wconf 79' lang='lat' dir='ltr'>os,</span> <span class='ocrx_word' id='word_1_158' title='bbox 347 2683 404 2747; x_wconf 74' lang='lat' dir='ltr'>rt,</span> <span class='ocrx_word' id='word_1_159' title='bbox 426 2676 474 2750; x_wconf 88' lang='lat' dir='ltr'>tl,</span> <span class='ocrx_word' id='word_1_160' title='bbox 498 2674 549 2754; x_wconf 73' lang='lat' dir='ltr'>lp,</span> <span class='ocrx_word' id='word_1_161' title='bbox 571 2681 604 2737; x_wconf 88' lang='lat' dir='ltr'>et</span> <span class='ocrx_word' id='word_1_162' title='bbox 624 2673 856 2752; x_wconf 86' lang='lat' dir='ltr'>protrahantur</span> <span class='ocrx_word' id='word_1_163' title='bbox 877 2672 982 2745; x_wconf 89' lang='lat' dir='ltr'>radii,</span> <span class='ocrx_word' id='word_1_164' title='bbox 1005 2678 1037 2734; x_wconf 88' lang='lat' dir='ltr'>et</span> <span class='ocrx_word' id='word_1_165' title='bbox 1057 2670 1236 2750; x_wconf 81' lang='lat' dir='ltr'>iungantur</span> <span class='ocrx_word' id='word_1_166' title='bbox 1256 2687 1326 2751; x_wconf 88' lang='lat' dir='ltr'>per·</span> 
     </span>
     <span class='ocr_line' id='line_1_21' title="bbox 262 2770 1325 2866; baseline -0.005 -19"><span class='ocrx_word' id='word_1_167' title='bbox 262 2783 548 2866; x_wconf 83' lang='lat' dir='ltr'>pandiculeribus,</span> <span class='ocrx_word' id='word_1_168' title='bbox 583 2785 763 2846; x_wconf 89' lang='lat' dir='ltr'>secundum</span> <span class='ocrx_word' id='word_1_169' title='bbox 797 2785 935 2864; x_wconf 89' lang='lat' dir='ltr'>primam</span> <span class='ocrx_word' id='word_1_170' title='bbox 969 2783 1102 2863; x_wconf 80' lang='lat' dir='ltr'>quidem</span> <span class='ocrx_word' id='word_1_171' title='bbox 1135 2770 1325 2845; x_wconf 72' lang='lat' dir='ltr'>dismntiar&#39;n</span> 
     </span>
     <span class='ocr_line' id='line_1_22' title="bbox 262 2891 1326 2968; baseline -0.003 -13"><span class='ocrx_word' id='word_1_172' title='bbox 262 2896 296 2956; x_wconf 90' lang='lat' dir='ltr'>in</span> <span class='ocrx_word' id='word_1_173' title='bbox 318 2913 397 2968; x_wconf 84' lang='lat' dir='ltr'>mn,</span> <span class='ocrx_word' id='word_1_174' title='bbox 425 2893 605 2955; x_wconf 90' lang='lat' dir='ltr'>secundum</span> <span class='ocrx_word' id='word_1_175' title='bbox 627 2893 815 2956; x_wconf 88' lang='lat' dir='ltr'>distantiam</span> <span class='ocrx_word' id='word_1_176' title='bbox 838 2893 1018 2955; x_wconf 89' lang='lat' dir='ltr'>secundam</span> <span class='ocrx_word' id='word_1_177' title='bbox 1039 2909 1115 2954; x_wconf 91' lang='lat' dir='ltr'>vero</span> <span class='ocrx_word' id='word_1_178' title='bbox 1137 2891 1173 2953; x_wconf 91' lang='lat' dir='ltr'>in</span> <span class='ocrx_word' id='word_1_179' title='bbox 1195 2909 1255 2966; x_wconf 86' lang='lat' dir='ltr'>so,</span> <span class='ocrx_word' id='word_1_180' title='bbox 1277 2908 1326 2953; x_wconf 86' lang='lat' dir='ltr'>se·</span> 
     </span>
     <span class='ocr_line' id='line_1_23' title="bbox 261 3001 1326 3096; baseline -0.005 -28"><span class='ocrx_word' id='word_1_181' title='bbox 261 3005 407 3068; x_wconf 90' lang='lat' dir='ltr'>cundum</span> <span class='ocrx_word' id='word_1_182' title='bbox 429 3003 559 3096; x_wconf 76' lang='lat' dir='ltr'>tertiam</span> <span class='ocrx_word' id='word_1_183' title='bbox 582 3010 711 3077; x_wconf 88' lang='lat' dir='ltr'>autem,</span> <span class='ocrx_word' id='word_1_184' title='bbox 739 3020 823 3083; x_wconf 88' lang='lat' dir='ltr'>quae</span> <span class='ocrx_word' id='word_1_185' title='bbox 846 3009 895 3066; x_wconf 89' lang='lat' dir='ltr'>est</span> <span class='ocrx_word' id='word_1_186' title='bbox 916 3020 1017 3084; x_wconf 89' lang='lat' dir='ltr'>penes</span> <span class='ocrx_word' id='word_1_187' title='bbox 1043 3001 1326 3081; x_wconf 81' lang='lat' dir='ltr'>magnitudinem,</span> 
     </span>
     <span class='ocr_line' id='line_1_24' title="bbox 262 3111 1325 3199; baseline -0.003 -22"><span class='ocrx_word' id='word_1_188' title='bbox 262 3116 318 3194; x_wconf 72' lang='lat' dir='ltr'>by,</span> <span class='ocrx_word' id='word_1_189' title='bbox 348 3112 516 3199; x_wconf 52' lang='lat' dir='ltr'>aptabit</span> <span class='ocrx_word' id='word_1_190' title='bbox 543 3114 578 3177; x_wconf 91' lang='lat' dir='ltr'>in</span> <span class='ocrx_word' id='word_1_191' title='bbox 605 3133 655 3194; x_wconf 82' lang='lat' dir='ltr'>cp.</span> <span class='ocrx_word' id='word_1_192' title='bbox 688 3113 893 3176; x_wconf 85' lang='lat' dir='ltr'>Manifestum</span> <span class='ocrx_word' id='word_1_193' title='bbox 920 3121 970 3176; x_wconf 90' lang='lat' dir='ltr'>est</span> <span class='ocrx_word' id='word_1_194' title='bbox 999 3130 1074 3192; x_wconf 81' lang='lat' dir='ltr'>ergo</span> <span class='ocrx_word' id='word_1_195' title='bbox 1103 3129 1140 3176; x_wconf 82' lang='lat' dir='ltr'>ex</span> <span class='ocrx_word' id='word_1_196' title='bbox 1165 3111 1325 3192; x_wconf 83' lang='lat' dir='ltr'>hisquae</span> 
     </span>
     <span class='ocr_line' id='line_1_25' title="bbox 260 3222 1326 3307; baseline -0.003 -18"><span class='ocrx_word' id='word_1_197' title='bbox 260 3227 522 3307; x_wconf 91' lang='lat' dir='ltr'>praeposuimus,</span> <span class='ocrx_word' id='word_1_198' title='bbox 544 3225 608 3288; x_wconf 93' lang='lat' dir='ltr'>hoe</span> <span class='ocrx_word' id='word_1_199' title='bbox 630 3224 703 3288; x_wconf 90' lang='lat' dir='ltr'>fleri</span> <span class='ocrx_word' id='word_1_200' title='bbox 725 3225 906 3288; x_wconf 86' lang='lat' dir='ltr'>secuudum</span> <span class='ocrx_word' id='word_1_201' title='bbox 929 3223 1102 3305; x_wconf 86' lang='lat' dir='ltr'>aequalem</span> <span class='ocrx_word' id='word_1_202' title='bbox 1125 3222 1326 3286; x_wconf 87' lang='lat' dir='ltr'>distantiam.</span> 
     </span>
     <span class='ocr_line' id='line_1_26' title="bbox 263 3332 1372 3418; baseline 0.002 -19"><span class='ocrx_word' id='word_1_203' title='bbox 263 3337 342 3400; x_wconf 83' lang='lat' dir='ltr'>Cum</span> <span class='ocrx_word' id='word_1_204' title='bbox 365 3335 478 3418; x_wconf 80' lang='lat' dir='ltr'>anguli</span> <span class='ocrx_word' id='word_1_205' title='bbox 500 3337 588 3399; x_wconf 92' lang='lat' dir='ltr'>enim</span> <span class='ocrx_word' id='word_1_206' title='bbox 612 3335 752 3416; x_wconf 88' lang='lat' dir='ltr'>oppositi</span> <span class='ocrx_word' id='word_1_207' title='bbox 774 3335 841 3397; x_wconf 90' lang='lat' dir='ltr'>sint</span> <span class='ocrx_word' id='word_1_208' title='bbox 863 3334 1031 3414; x_wconf 86' lang='lat' dir='ltr'>aequales,</span> <span class='ocrx_word' id='word_1_209' title='bbox 1050 3340 1084 3396; x_wconf 90' lang='lat' dir='ltr'>et</span> <span class='ocrx_word' id='word_1_210' title='bbox 1097 3332 1182 3397; x_wconf 86' lang='lat' dir='ltr'>radii</span> <span class='ocrx_word' id='word_1_211' title='bbox 1196 3332 1326 3397; x_wconf 78' lang='lat' dir='ltr'>refracti</span> <span class='ocrx_word' id='word_1_212' title='bbox 1369 3394 1372 3401; x_wconf 91' lang='lat'>.</span> 
     </span>
     <span class='ocr_line' id='line_1_27' title="bbox 262 3445 1327 3526; baseline -0.003 -17"><span class='ocrx_word' id='word_1_213' title='bbox 262 3465 336 3511; x_wconf 91' lang='lat' dir='ltr'>cum</span> <span class='ocrx_word' id='word_1_214' title='bbox 359 3447 484 3511; x_wconf 83' lang='lat' dir='ltr'>extensi</span> <span class='ocrx_word' id='word_1_215' title='bbox 506 3447 642 3525; x_wconf 85' lang='lat' dir='ltr'>inerint,</span> <span class='ocrx_word' id='word_1_216' title='bbox 665 3463 795 3526; x_wconf 89' lang='lat' dir='ltr'>semper</span> <span class='ocrx_word' id='word_1_217' title='bbox 817 3446 1000 3526; x_wconf 86' lang='lat' dir='ltr'>efficiantur</span> <span class='ocrx_word' id='word_1_218' title='bbox 1020 3445 1121 3521; x_wconf 88' lang='lat' dir='ltr'>recti,</span> <span class='ocrx_word' id='word_1_219' title='bbox 1143 3449 1271 3524; x_wconf 85' lang='lat' dir='ltr'>oportet</span> <span class='ocrx_word' id='word_1_220' title='bbox 1290 3452 1327 3507; x_wconf 91' lang='lat' dir='ltr'>ut</span> 
     </span>
     <span class='ocr_line' id='line_1_28' title="bbox 262 3555 1326 3639; baseline -0.001 -20"><span class='ocrx_word' id='word_1_221' title='bbox 262 3556 303 3619; x_wconf 72' lang='lat' dir='ltr'>leb</span> <span class='ocrx_word' id='word_1_222' title='bbox 333 3566 365 3620; x_wconf 91' lang='lat' dir='ltr'>et</span> <span class='ocrx_word' id='word_1_223' title='bbox 390 3560 425 3636; x_wconf 77' lang='lat' dir='ltr'>pl</span> <span class='ocrx_word' id='word_1_224' title='bbox 452 3565 644 3639; x_wconf 90' lang='lat' dir='ltr'>coaptentur</span> <span class='ocrx_word' id='word_1_225' title='bbox 670 3574 767 3638; x_wconf 92' lang='lat' dir='ltr'>super</span> <span class='ocrx_word' id='word_1_226' title='bbox 789 3555 844 3618; x_wconf 73' lang='lat' dir='ltr'>lem</span> <span class='ocrx_word' id='word_1_227' title='bbox 871 3561 904 3619; x_wconf 88' lang='lat' dir='ltr'>et</span> <span class='ocrx_word' id='word_1_228' title='bbox 932 3557 990 3631; x_wconf 78' lang='lat' dir='ltr'>to,·</span> <span class='ocrx_word' id='word_1_229' title='bbox 1017 3558 1078 3618; x_wconf 84' lang='lat' dir='ltr'>hm</span> <span class='ocrx_word' id='word_1_230' title='bbox 1106 3561 1216 3619; x_wconf 87' lang='lat' dir='ltr'>antem</span> <span class='ocrx_word' id='word_1_231' title='bbox 1238 3562 1272 3618; x_wconf 86' lang='lat' dir='ltr'>et</span> <span class='ocrx_word' id='word_1_232' title='bbox 1291 3561 1326 3618; x_wconf 84' lang='lat' dir='ltr'>tn</span> 
     </span>
     <span class='ocr_line' id='line_1_29' title="bbox 263 3669 1326 3748; baseline -0.003 -18"><span class='ocrx_word' id='word_1_233' title='bbox 263 3685 364 3748; x_wconf 84' lang='lat' dir='ltr'>super</span> <span class='ocrx_word' id='word_1_234' title='bbox 389 3674 491 3730; x_wconf 89' lang='lat' dir='ltr'>totam</span> <span class='ocrx_word' id='word_1_235' title='bbox 512 3669 552 3730; x_wconf 86' lang='lat' dir='ltr'>bs</span> <span class='ocrx_word' id='word_1_236' title='bbox 574 3676 606 3730; x_wconf 94' lang='lat' dir='ltr'>et</span> <span class='ocrx_word' id='word_1_237' title='bbox 628 3677 681 3744; x_wconf 91' lang='lat' dir='ltr'>to,·</span> <span class='ocrx_word' id='word_1_238' title='bbox 709 3686 742 3729; x_wconf 84' lang='lat' dir='ltr'>es</span> <span class='ocrx_word' id='word_1_239' title='bbox 764 3685 840 3730; x_wconf 86' lang='lat' dir='ltr'>vero</span> <span class='ocrx_word' id='word_1_240' title='bbox 862 3673 894 3730; x_wconf 88' lang='lat' dir='ltr'>et</span> <span class='ocrx_word' id='word_1_241' title='bbox 914 3684 957 3728; x_wconf 78' lang='lat' dir='ltr'>zo</span> <span class='ocrx_word' id='word_1_242' title='bbox 985 3683 1083 3747; x_wconf 86' lang='lat' dir='ltr'>super</span> <span class='ocrx_word' id='word_1_243' title='bbox 1104 3673 1207 3730; x_wconf 86' lang='lat' dir='ltr'>totam</span> <span class='ocrx_word' id='word_1_244' title='bbox 1234 3684 1272 3729; x_wconf 82' lang='lat' dir='ltr'>ec</span> <span class='ocrx_word' id='word_1_245' title='bbox 1295 3672 1326 3729; x_wconf 87' lang='lat' dir='ltr'>et</span> 
     </span>
     <span class='ocr_line' id='line_1_30' title="bbox 261 3777 1326 3860; baseline -0.003 -18"><span class='ocrx_word' id='word_1_246' title='bbox 261 3798 313 3858; x_wconf 78' lang='lat' dir='ltr'>aq.</span> <span class='ocrx_word' id='word_1_247' title='bbox 334 3778 443 3842; x_wconf 85' lang='lat' dir='ltr'>Simili</span> <span class='ocrx_word' id='word_1_248' title='bbox 464 3780 575 3858; x_wconf 87' lang='lat' dir='ltr'>itaque</span> <span class='ocrx_word' id='word_1_249' title='bbox 597 3778 695 3842; x_wconf 89' lang='lat' dir='ltr'>modo</span> <span class='ocrx_word' id='word_1_250' title='bbox 717 3779 805 3841; x_wconf 88' lang='lat' dir='ltr'>visus</span> <span class='ocrx_word' id='word_1_251' title='bbox 827 3797 847 3840; x_wconf 86' lang='lat' dir='ltr'>a</span> <span class='ocrx_word' id='word_1_252' title='bbox 868 3777 1115 3860; x_wconf 89' lang='lat' dir='ltr'>comprehendit</span> <span class='ocrx_word' id='word_1_253' title='bbox 1136 3777 1178 3856; x_wconf 76' lang='lat' dir='ltr'>dp</span> <span class='ocrx_word' id='word_1_254' title='bbox 1200 3779 1236 3840; x_wconf 92' lang='lat' dir='ltr'>in</span> <span class='ocrx_word' id='word_1_255' title='bbox 1259 3794 1326 3857; x_wconf 89' lang='lat' dir='ltr'>spe·</span> 
     </span>
     <span class='ocr_line' id='line_1_31' title="bbox 261 3886 1325 3969; baseline -0.003 -17"><span class='ocrx_word' id='word_1_256' title='bbox 261 3889 358 3965; x_wconf 89' lang='lat' dir='ltr'>culis,</span> <span class='ocrx_word' id='word_1_257' title='bbox 381 3890 464 3953; x_wconf 91' lang='lat' dir='ltr'>sicut</span> <span class='ocrx_word' id='word_1_258' title='bbox 484 3891 519 3952; x_wconf 91' lang='lat' dir='ltr'>id</span> <span class='ocrx_word' id='word_1_259' title='bbox 541 3890 628 3969; x_wconf 82' lang='lat' dir='ltr'>quod</span> <span class='ocrx_word' id='word_1_260' title='bbox 648 3896 735 3952; x_wconf 88' lang='lat' dir='ltr'>recte</span> <span class='ocrx_word' id='word_1_261' title='bbox 755 3889 931 3963; x_wconf 87' lang='lat' dir='ltr'>videretur,</span> <span class='ocrx_word' id='word_1_262' title='bbox 953 3906 1030 3952; x_wconf 94' lang='lat' dir='ltr'>cum</span> <span class='ocrx_word' id='word_1_263' title='bbox 1052 3888 1202 3953; x_wconf 83' lang='lat' dir='ltr'>fueritin</span> <span class='ocrx_word' id='word_1_264' title='bbox 1221 3886 1325 3950; x_wconf 90' lang='lat' dir='ltr'>simili</span> 
     </span>
     <span class='ocr_line' id='line_1_32' title="bbox 263 3998 1327 4080; baseline 0.002 -18"><span class='ocrx_word' id='word_1_265' title='bbox 263 4001 334 4064; x_wconf 90' lang='lat' dir='ltr'>loco</span> <span class='ocrx_word' id='word_1_266' title='bbox 358 4010 391 4065; x_wconf 91' lang='lat' dir='ltr'>et</span> <span class='ocrx_word' id='word_1_267' title='bbox 412 4004 447 4064; x_wconf 91' lang='lat' dir='ltr'>in</span> <span class='ocrx_word' id='word_1_268' title='bbox 470 4001 572 4064; x_wconf 86' lang='lat' dir='ltr'>simili</span> <span class='ocrx_word' id='word_1_269' title='bbox 595 4002 674 4076; x_wconf 90' lang='lat' dir='ltr'>situ,</span> <span class='ocrx_word' id='word_1_270' title='bbox 690 4001 840 4065; x_wconf 85' lang='lat' dir='ltr'>videlicet</span> <span class='ocrx_word' id='word_1_271' title='bbox 854 4002 887 4063; x_wconf 91' lang='lat' dir='ltr'>in</span> <span class='ocrx_word' id='word_1_272' title='bbox 904 4020 959 4080; x_wconf 84' lang='lat' dir='ltr'>oq,</span> <span class='ocrx_word' id='word_1_273' title='bbox 973 3999 1031 4065; x_wconf 88' lang='lat' dir='ltr'>ubi</span> <span class='ocrx_word' id='word_1_274' title='bbox 1047 4014 1100 4064; x_wconf 89' lang='lat' dir='ltr'>res</span> <span class='ocrx_word' id='word_1_275' title='bbox 1114 3998 1327 4079; x_wconf 86' lang='lat' dir='ltr'>comprehen-</span> 
     </span>
     <span class='ocr_line' id='line_1_33' title="bbox 263 4110 1325 4195; baseline -0.003 -17"><span class='ocrx_word' id='word_1_276' title='bbox 263 4112 384 4178; x_wconf 78' lang='lat' dir='ltr'>duntur</span> <span class='ocrx_word' id='word_1_277' title='bbox 403 4113 587 4178; x_wconf 84' lang='lat' dir='ltr'>secundum</span> <span class='ocrx_word' id='word_1_278' title='bbox 609 4113 694 4177; x_wconf 86' lang='lat' dir='ltr'>hane</span> <span class='ocrx_word' id='word_1_279' title='bbox 716 4113 965 4194; x_wconf 86' lang='lat' dir='ltr'>dispositionem</span> <span class='ocrx_word' id='word_1_280' title='bbox 989 4131 1047 4194; x_wconf 87' lang='lat' dir='ltr'>per</span> <span class='ocrx_word' id='word_1_281' title='bbox 1068 4110 1225 4195; x_wconf 75' lang='lat' dir='ltr'>augtrlum</span> <span class='ocrx_word' id='word_1_282' title='bbox 1247 4130 1325 4188; x_wconf 74' lang='lat' dir='ltr'>aaz,</span> 
     </span>
    </p>
   </div>
   <div class='ocr_carea' id='block_1_2' title="bbox 0 0 1649 5364">
    <p class='ocr_par' dir='ltr' id='par_1_3' title="bbox 0 0 1649 5364">
     <span class='ocr_line' id='line_1_34' title="bbox 0 0 1649 5364; baseline 0 0"><span class='ocrx_word' id='word_1_283' title='bbox 0 0 1649 5364; x_wconf 95' lang='lat' dir='ltr'> </span> 
     </span>
    </p>
   </div>
  </div>
 </body>
</html>
