3278 5364
1300 537 1339 601 29

307 644 376 709 Hac
405 643 506 725 igitur
532 645 572 708 de
599 661 700 708 causa
727 663 795 707 non
819 644 979 708 debemus
1002 646 1153 710 arbitrari
1173 646 1250 710 illos
1272 665 1344 712 esse
1372 723 1375 727 ,

259 755 483 830 sufficientes,
512 755 571 836 qui
598 755 752 818 dixerunt
773 754 945 818 distantias
968 761 1098 818 tautum
1121 757 1238 821 debere
1262 757 1339 822 addi

259 883 363 946 super
390 866 426 929 id
452 866 541 946 quod
562 866 603 929 de
625 865 778 945 angulis,
806 873 845 930 et·
859 865 949 944 quod
971 867 1019 944 e‘u
1042 868 1241 930 attributum
1265 876 1336 944 est;

261 976 485 1040 diversitatem
513 994 590 1040 vero
619 976 825 1056 positionum
852 977 964 1039 vocari
995 977 1246 1053 insensibilem3
1277 979 1338 1042 ubi

260 1087 416 1149 dixerunt
437 1086 528 1166 quod
550 1085 724 1148 distantiae
747 1085 868 1149 debent
891 1104 963 1149 esse
987 1086 1151 1166 aequales.
1183 1089 1336 1162 Quamvis

261 1196 355 1261 enim
374 1195 469 1267 nulle
489 1196 533 1259 sit
554 1195 729 1259 diversitas
752 1196 999 1270 endislantiis,
1029 1204 1139 1259 tamen
1166 1197 1337 1262 multoties

261 1307 381 1370 accidit
401 1306 574 1370 diversitas
596 1324 635 1370 ex
657 1307 747 1383 situ;
776 1306 865 1370 unde
886 1307 925 1368 fit
945 1308 981 1368 in
1003 1307 1232 1386 magnitudine
1253 1307 1335 1371 ima-

260 1417 385 1497 ginatio
412 1416 545 1481 diversa
568 1416 608 1479 ab
629 1415 690 1479 illa
712 1434 798 1497 quae
820 1417 859 1478 fit
880 1416 1084 1497 evangelo,
1113 1435 1189 1480 cum
1215 1434 1336 1499 posue·

243 1529 368 1591 -rimus
399 1527 487 1590 hanc
517 1526 750 1591 diversitatem
770 1544 889 1591 rursus
919 1545 992 1591 esse
1021 1528 1225 1592 sensibilem.
1260 1529 1336 1590 Uni·

261 1637 433 1702 versaliter
462 1655 539 1717 ergo
570 1637 600 1699 si
631 1637 844 1716 apparuerit,
876 1638 967 1716 quod
999 1639 1190 1718 magnitudo
1223 1657 1338 1703 rerum

260 1748 480 1821 videndarum
507 1747 722 1827 cognoscitur
743 1765 803 1827 per
824 1747 1090 1827 magnitudinem
1118 1747 1353 1838 angulorum„

259 1857 347 1922 illud
372 1860 416 1922 sit
434 1856 652 1940 principalius
675 1865 707 1932 et
730 1858 850 1937 aptius.
884 1857 1043 1921 Similiter
1064 1859 1166 1923 etiam
1187 1859 1215 1920 si
1237 1878 1335 1940 appa-

259 1971 385 2045 ruerit,
414 1971 505 2049 quod
533 1969 741 2057 diversitates
769 1968 982 2031 sensibilium
1010 1969 1251 2049 dignoscuntur
1277 1989 1336 2052 per

258 2081 467 2145 diversitates
488 2080 726 2144 convenientes
750 2085 783 2142 et
803 2079 1069 2159 proportionales
1091 2082 1161 2157 eis;
1184 2081 1335 2145 naturale

260 2191 353 2256 enim
375 2198 440 2266 est,
461 2196 506 2253 ut·
513 2188 715 2253 sensibilitas
732 2206 845 2252 rerum
860 2189 918 2251 fiat
931 2207 990 2269 per
1005 2207 1125 2270 genus,
1141 2174 1230 2269 quod
1246 2208 1335 2252 com·

259 2319 365 2365 mune
385 2308 435 2365 est
456 2300 691 2365 accidentibus.
714 2300 827 2362 (lenus
843 2305 956 2362 autem
972 2317 1151 2364 commune
1165 2304 1332 2381 magnitu-

260 2412 395 2475 dinibus
422 2419 454 2476 et
481 2409 616 2490 angulis
643 2417 693 2475 est
721 2411 888 2490 quantitas
915 2411 1065 2490 ipsarum
1091 2429 1202 2474 rerum
1228 2414 1334 2476 conti·

259 2540 406 2593 unarum
427 2521 667 2598 subiectarum3
689 2537 869 2583 commune
892 2537 1027 2602 quoque
1050 2521 1212 2584 distantiis
1230 2540 1335 2602 genus

259 2638 312 2698 est
328 2632 495 2713 quantitas
513 2632 687 2695 distantiae
703 2631 737 2693 in
754 2648 957 2712 unaquaque
972 2631 1117 2710 illarum;
1134 2650 1240 2711 genus
1257 2650 1334 2696 vero

259 2760 441 2807 commune
470 2741 628 2822 positioni
647 2759 760 2805 rerum
782 2747 833 2804 est
852 2740 1013 2805 habitudo
1036 2741 1186 2806 locorum
1207 2760 1333 2806 earum.

258 2853 318 2917 His
340 2871 416 2932 ergo
437 2852 479 2920 de
502 2852 611 2915 causis
632 2851 721 2915 visus
737 2851 907 2930 cognoscit
928 2852 1100 2916 distantias
1115 2870 1175 2933 per
1188 2851 1334 2933 longitu-

257 2964 372 3027 dinem
394 2962 581 3044 radiorum,
604 2969 637 3025 et
657 2962 826 3042 cognoscit
846 2962 1028 3043 positiones
1056 2981 1115 3044 per
1142 2963 1334 3042 qualitatem

259 3072 435 3155 positionis
448 3071 592 3135 basium.
610 3071 723 3134 Restat
737 3072 846 3152 igitur,
860 3078 898 3134 ut
911 3072 1105 3151 magnitudo
1120 3090 1334 3153 rerumquae

257 3184 434 3259 videntur,
465 3182 767 3263 comprehendatur
793 3183 900 3262 primo
928 3188 962 3246 et
985 3201 1062 3246 vere
1089 3200 1128 3245 ex
1144 3183 1333 3262 quantitate

246 3294 371 3386 basis,
394 3310 478 3373 quae
500 3292 642 3357 refertur
657 3292 698 3354 ad
713 3291 930 3373 principium,
947 3293 1026 3372 quia
1040 3291 1335 3372 indediguoscitur

258 3423 318 3486 per
337 3404 558 3485 quantitatem
579 3403 782 3467 continentis
804 3402 927 3483 anguli.
1024 3473 1026 3476 ,
1149 3431 1157 3439 ·

301 3515 435 3596 Figurae
469 3521 581 3578 autem
614 3515 783 3594 cognoscit
814 3513 905 3576 visus
939 3532 996 3596 per
1028 3513 1165 3594 ligures·
1180 3515 1334 3591 basium,

260 3642 362 3706 super
388 3642 470 3705 quas
499 3625 622 3689 cadunt
648 3624 795 3689 visibiles
821 3625 914 3688 radii.
947 3625 1065 3690 Lineas
1092 3642 1232 3706 quoque
1248 3645 1334 3708 quae

258 3735 384 3816 figuras
405 3734 597 3813 continent,
620 3738 790 3815 cognoscit
810 3754 871 3817 per
891 3736 1044 3800 notitiam
1065 3727 1230 3801 linearum
1252 3754 1333 3800 con·

259 3848 438 3913 timentium
458 3846 577 3922 bases,
606 3853 644 3909 ut
664 3855 769 3912 rectas
793 3855 826 3911 et
846 3865 982 3925 curvas,
1010 3866 1096 3928 quae
1119 3847 1235 3912 ambae
1256 3855 1334 3912 sunt

258 3957 457 4040 principales
479 3958 519 4022 da
542 3956 734 4022 differentiis
761 3956 953 4038 figurarum.
987 3959 1158 4039 Cognoscit
1176 3977 1255 4023 vero
1277 3977 1338 4022 sue

258 4069 428 4152 perficiem
450 4074 557 4134 totum
579 4069 966 4164 continentem„planam
988 4069 1141 4134 videlicet
1161 4075 1195 4136 et
1214 4071 1333 4153 sphae-
