3248 5392
629 601 755 668 stulto
769 600 936 683 QUINTUS

586 856 629 926 De
655 853 771 947 Optt'cis
799 853 980 925 Ptolomaei.

293 1162 373 1225 Cum
396 1163 434 1224 de
458 1181 495 1224 eo
519 1162 608 1242 quod
631 1160 748 1224 accidit
769 1162 802 1222 in
827 1160 1042 1223 fractionibus
1064 1161 1204 1224 visibilis
1220 1162 1318 1236 radii,
1348 1153 1351 1157 ’

252 1273 342 1336 aliud
363 1273 498 1352 quidem
520 1278 569 1335 est
590 1271 770 1334 secundum
793 1272 1070 1344 adversationem,
1093 1279 1125 1333 et
1147 1273 1184 1334 dt
1206 1291 1246 1335 ex
1268 1291 1319 1335 re-

249 1384 474 1446 verberatione
498 1383 654 1445 existente
670 1400 689 1444 a
703 1382 801 1444 rebus
824 1400 908 1467 quae
932 1381 1108 1462 prohibent
1123 1383 1319 1463 penetratio·

161 1530 164 1535 >
251 1511 342 1568 nem,
357 1500 389 1581 et
406 1494 616 1557 continentur
631 1493 693 1554 sub
708 1493 842 1554 nomine
863 1491 1084 1571 speculorum,
1100 1492 1191 1556 aliud
1207 1503 1321 1557 autem

251 1604 361 1669 existit
389 1606 571 1668 secundum
600 1580 880 1682 penetrationem,
911 1611 943 1666 et
972 1604 1010 1664 lit
1032 1622 1070 1666 ex
1091 1604 1232 1667 flexione
1255 1605 1321 1668 exi-

184 1783 188 1793 ,
251 1721 354 1780 stante
377 1716 410 1776 in
434 1715 553 1787 rebus,
580 1731 664 1794 quae
687 1733 754 1776 non
777 1713 955 1792 prohibent
976 1715 1258 1792 penetrationem,
1285 1722 1320 1778 et

252 1826 424 1889 subiacent
445 1825 504 1886 uni
527 1822 671 1899 nomini,
695 1823 847 1886 videlicet
869 1823 957 1904 quod
979 1829 1129 1902 penetrat
1148 1825 1250 1886 visus.

294 1937 329 1998 ln
359 1934 629 2016 praecedentibus
658 1950 790 2013 quoque
813 1934 1020 1996 sermonibus
1043 1935 1255 2014 exposuimus
1279 1953 1320 1997 ea

253 2064 337 2127 quae
365 2046 406 2107 de
435 2038 596 2125 speculis,
625 2050 657 2106 et
686 2043 919 2123 explicavimus
942 2043 1042 2116 inde,
1074 2052 1238 2124 quantum
1260 2063 1320 2126 per

157 2158 161 2166 '
252 2156 335 2219 illud
356 2155 511 2237 possibile
535 2156 577 2216 sit
598 2153 832 2228 demonstrari,
852 2154 1054 2216 diversitates
1070 2154 1253 2217 formarum
1271 2174 1321 2218 re·

251 2285 324 2329 rum
338 2265 553 2328 videndarum
566 2266 749 2326 secundum
760 2272 944 2343 praetaxata
955 2264 1117 2344 principia
1128 2265 1162 2325 in
1176 2265 1318 2329 scientia

251 2377 454 2458 opticorum,
476 2382 508 2438 et
530 2375 609 2455 quid
630 2375 746 2436 accidit
775 2375 888 2437 exinde
918 2374 1099 2454 unicuique
1127 2392 1240 2437 rerum
1267 2378 1315 2437 vi·

252 2487 443 2550 dandarum.
465 2487 575 2548 Restat
596 2486 691 2547 nobis
711 2485 766 2546 hic
788 2485 970 2547 discernere
987 2485 1020 2547 id
1036 2485 1126 2565 quod
1140 2485 1259 2547 accidit
1276 2487 1317 2548 de

252 2598 490 2662 diversitatibus
512 2615 645 2670 earum,
672 2612 749 2657 cnm
773 2596 929 2675 aspicitur
951 2595 991 2658 ad
1014 2614 1070 2659 eas
1092 2613 1150 2676 per
1172 2613 1210 2658 ea
1233 2614 1317 2677 quae

251 2709 342 2772 visus
363 2714 519 2790 penetrat.

294 2818 387 2892 Quod
413 2819 547 2898 quidem
574 2816 656 2880 haec
686 2817 810 2899 species
839 2817 1036 2878 fractionum
1065 2817 1207 2880 visibilis
1233 2818 1318 2880 radii

254 2948 319 2993 non
350 2929 435 2990 cadit
462 2929 498 2988 in
528 2928 689 2990 universis
717 2926 913 2988 humoribus
943 2932 975 2988 et
1004 2927 1100 2990 rebus
1124 2928 1318 3017 subtilibus,

253 3041 308 3103 sed
336 3040 422 3161 vdit
451 3039 527 3101 inde
555 3039 590 3099 in
622 3056 821 3118 unaquaque
850 3055 964 3100 earum
991 3037 1105 3119 aliqua
1125 3039 1334 3121 quantitas,

252 3168 328 3212 cum
355 3168 421 3230 qua
448 3158 596 3213 remanet
623 3149 750 3228 aliquid
780 3149 888 3211 simile
918 3149 967 3212 rei
990 3149 1225 3228 qualicumque
1249 3152 1317 3213 exi·

251 3262 369 3335 stenti,
396 3268 435 3323 nt
462 3261 564 3341 possit
595 3267 767 3339 penetrare
791 3265 939 3333 tantum3
970 3265 1002 3322 et
1023 3260 1112 3340 quod
1133 3261 1319 3324 secundum

250 3371 481 3435 rectitudinem
504 3371 669 3452 procedit,
696 3388 754 3449 per
775 3369 951 3432 fractiones
973 3371 1141 3433 radiorum
1163 3371 1234 3433 sine
1258 3371 1320 3433 im·

251 3480 351 3561 pulsu
379 3488 507 3543 tantum
534 3483 568 3542 in
597 3481 838 3561 superficiebus
862 3480 1158 3543 determinantibus
1182 3481 1319 3543 diversi·

250 3598 332 3655 tates
354 3591 533 3654 humorum
555 3592 590 3653 in
613 3591 828 3654 subsistentia
850 3609 932 3667 sua;
962 3597 995 3652 et
1022 3590 1109 3670 qnod
1132 3590 1227 3653 flexio
1250 3609 1316 3653 non

252 3703 289 3764 lit
311 3703 345 3764 in
368 3701 580 3764 translatione
604 3703 736 3763 erebus
755 3701 988 3764 subtilioribus
1003 3708 1036 3764 et
1051 3701 1262 3764 tenuioribus
1277 3703 1319 3764 ad

253 3813 431 3893 grossiores
453 3817 602 3885 tantum,
625 3813 709 3874 sicut
730 3813 767 3874 iit
789 3812 824 3873 in
846 3812 1181 3885 reverberationibus,
1204 3830 1320 3875 verum

251 3927 349 3987 etiam
378 3924 411 3985 in
443 3923 655 3986 translatione
685 3943 703 3984 a
726 3924 880 4002 grossiori
904 3942 940 3986 re
963 3924 1003 3984 ad
1026 3922 1255 3999 subtiliorem3
1287 3930 1319 3986 et

251 4037 338 4117 quod
362 4034 454 4098 nulla
477 4035 512 4097 lit
533 4035 567 4096 in
590 4035 637 4096 eis
656 4034 750 4098 llexio
767 4036 808 4096 ad
823 4033 978 4115 aequales
1000 4033 1156 4114 angulos,
1180 4034 1238 4096 sed
1260 4034 1317 4098 ha-
