3278 5364
261 558 302 622 st

261 667 369 731 maior
390 684 490 746 quam
512 664 603 727 linea
624 666 662 726 lt.
693 666 819 737 Qiranto
843 663 947 743 magis
970 681 1047 744 ergo
1069 670 1203 743 superat
1224 658 1271 742 qb
1291 663 1332 725 li·

262 791 360 841 neam
380 778 440 854 qt!

303 887 346 947 lix
359 885 411 947 his
426 885 525 948 etiam
540 902 625 964 quae
641 883 794 957 diximus,
810 882 1096 946 demonstrabitur
1110 881 1235 957 leviter,
1247 881 1336 962 quod

260 995 367 1057 forma
377 1011 500 1068 rerum,
513 1012 655 1074 quarum
669 999 808 1071 augetur
820 992 985 1066 distantia,
998 997 1030 1053 et
1040 991 1124 1054 eliae
1138 991 1335 1054 remotiores

260 1110 340 1166 sunl
361 1103 462 1181 aliis,
475 1104 634 1166 remotior
655 1101 707 1174 lit,
730 1110 762 1165 et
782 1101 939 1164 distantia
960 1102 1032 1164 eius
1055 1106 1193 1180 apparet
1213 1099 1333 1163 maior.

259 1212 473 1276 Protrahatur
485 1229 563 1290 erqo
583 1209 674 1272 linea
695 1212 737 1272 tt
758 1209 800 1272 ad
820 1228 874 1284 m,
896 1216 930 1272 et
950 1207 1126 1288 copuletur
1145 1208 1238 1271 linea
1257 1225 1335 1282 em,

261 1328 294 1385 et
313 1322 514 1402 producatur
534 1319 626 1383 linea
646 1320 727 1393 stt,
753 1335 928 1399 quousque
951 1317 1131 1381 obviaverit
1152 1316 1266 1381 lineae
1284 1334 1336 1379 eat

260 1432 296 1493 in
319 1436 440 1511 punoto
460 1448 497 1490 n.
519 1429 554 1491 si
576 1445 654 1509 ergo
676 1428 888 1509 posuerimus
904 1427 995 1507 quod
1013 1429 1036 1490 lv
1055 1427 1100 1490 sit
1120 1426 1215 1489 aliud
1235 1442 1336 1507 quam

259 1558 313 1613 m,
335 1546 369 1602 et
390 1539 480 1619 quod
504 1556 536 1601 m
563 1539 607 1600 sit
626 1538 784 1602 remotior
805 1554 907 1618 quam
926 1540 969 1612 b,
991 1537 1054 1600 erit
1073 1537 1191 1617 utique
1212 1555 1255 1615 a,
1277 1536 1336 1616 qui

261 1654 313 1711 est
327 1647 434 1711 forma
454 1667 500 1723 m,
521 1648 680 1711 remotior
701 1665 802 1727 quam
818 1657 842 1722 t,
860 1646 918 1727 qui
933 1654 985 1710 est
998 1646 1106 1709 forma
1120 1648 1158 1720 tv,
1172 1663 1192 1709 a
1205 1645 1282 1707 visu
1294 1663 1333 1719 ι,·

261 1764 295 1821 et
314 1757 344 1820 si
364 1758 578 1838 posuerimus
600 1758 690 1838 quod
709 1758 788 1820 bsit
803 1776 851 1831 m,
873 1757 934 1820 sed
948 1756 1106 1819 distantia
1118 1755 1163 1817 sit
1176 1771 1337 1834 augmen·

260 1871 326 1930 tata
346 1866 382 1928 iu
404 1866 620 1930 translatione
642 1868 715 1931 eius
738 1868 779 1929 ab
800 1870 821 1930 b
850 1867 890 1930 ad
920 1885 975 1940 m,
997 1866 1060 1930 erit
1080 1864 1204 1928 iterum
1225 1865 1336 1929 lorma

262 1974 335 2039 eius
358 1977 534 2054 remotior,
555 1995 633 2039 oum
654 1977 699 2039 sit
720 1975 880 2040 translata
902 1993 922 2037 a
943 1984 955 2037 t
976 1975 1018 2037 ad
1038 1992 1072 2037 a.

304 2085 342 2148 ln
357 2085 501 2166 speculis
517 2086 627 2149 eureis
642 2088 769 2148 formae
780 2103 904 2159 rerum,
915 2102 1060 2165 quarum
1072 2084 1220 2146 situsost
1229 2090 1269 2146 ut
1280 2078 1338 2146 ilia

262 2212 364 2275 quam
379 2195 524 2257 diximus
538 2196 575 2259 in
589 2196 698 2276 planis
713 2194 869 2276 speculis,
883 2194 942 2258 ubi
956 2193 1066 2257 lineae
1080 2210 1165 2274 quae
1179 2191 1338 2273 copulant

260 2304 420 2367 terminos
441 2305 492 2367 rei
512 2304 672 2366 videndae
694 2311 773 2366 sunt
794 2311 882 2367 reete
904 2303 1042 2386 positas,
1065 2309 1203 2385 apparet
1222 2301 1336 2366 minor

262 2430 364 2493 quam
375 2413 567 2493 magnitudo
583 2412 732 2494 ipsarum
746 2430 871 2487 rerum,
887 2412 915 2475 si
930 2418 1042 2476 essent
1054 2411 1090 2473 in
1105 2410 1165 2474 illo
1179 2411 1254 2474 loeo
1268 2428 1337 2493 quo

261 2521 378 2597 forma,
400 2526 433 2585 et
452 2523 637 2585 secundum
658 2523 769 2602 ipsum
785 2522 888 2584 situm
902 2528 936 2585 et
949 2522 1149 2597 distantiam,
1163 2525 1198 2585 et
1212 2520 1338 2600 aspioe·

263 2636 355 2693 retur
375 2631 448 2694 siue
468 2632 745 2696 reverberatione.
767 2633 841 2693 Esto
862 2630 965 2694 seotio
987 2628 1115 2705 circuli,
1135 2630 1199 2710 qui
1211 2630 1249 2691 in
1262 2646 1340 2710 spes

261 2737 339 2802 culo
360 2755 478 2813 curvo,
500 2745 534 2802 et
554 2741 597 2802 sit
617 2740 682 2819 atq
697 2739 762 2820 tfiq.
780 2740 850 2815 32»,
874 2746 906 2804 et
926 2746 1078 2804 neutrum
1099 2739 1172 2802 eius
1186 2741 1223 2814 d,
1244 2739 1336 2801 visus

261 2855 374 2911 autem
395 2866 427 2922 e,
449 2853 482 2911 et
500 2849 714 2928 protrahatur
734 2867 754 2911 a
774 2858 897 2932 punoto
917 2867 934 2911 e
951 2847 1237 2930 perpendicularis
1257 2849 1336 2923 aba,

260 2955 370 3037 sitque
396 2956 486 3020 linea
514 2957 673 3039 copulans
699 2960 859 3022 terminos
887 2959 937 3020 rei
961 2958 1122 3022 videndae
1146 2959 1212 3034 stu
1237 2963 1274 3020 at
1291 2957 1337 3019 sit

261 3067 345 3130 situs
365 3065 415 3130 rei
434 3067 596 3130 ridendae
618 3067 707 3144 talis,
728 3074 767 3130 ut
787 3067 878 3130 linea
897 3069 959 3132 abd
979 3073 1069 3130 seost
1089 3066 1216 3131 lineam
1233 3069 1280 3129 xla
1299 3067 1334 3129 iu

261 3176 343 3240 duas
365 3175 520 3256 aequales
541 3183 648 3256 partes
671 3178 712 3240 ad
733 3183 840 3240 reotos
863 3175 1016 3257 angulos,
1037 3176 1224 3239 seeundum
1246 3176 1337 3256 quod

259 3284 368 3349 existit
389 3303 442 3349 res
464 3285 630 3366 opposita,
647 3293 681 3349 et
698 3287 924 3367 producantur
939 3305 958 3348 a
976 3292 1100 3366 puncto
1120 3304 1137 3349 e
1159 3286 1228 3349 duo
1248 3285 1335 3349 radii

257 3393 391 3459 refracti
405 3396 447 3458 ad
461 3415 480 3457 r
501 3402 533 3459 et
548 3396 589 3458 ad
602 3397 624 3458 lt
639 3396 681 3458 ad
696 3396 851 3476 aequales
870 3396 1018 3475 angulos,
1035 3401 1068 3458 et
1081 3396 1147 3457 siut
1161 3411 1242 3470 eon,
1256 3396 1335 3476 eqd„

260 3508 295 3566 et
308 3503 506 3583 copulentur
518 3503 628 3569 lineae
641 3506 695 3580 ds,
710 3506 766 3580 dt,
789 3511 823 3568 et
836 3505 1061 3585 producantur
1076 3524 1123 3584 sp,
1137 3523 1189 3580 ea,
1210 3522 1336 3586 quous·

260 3629 326 3692 que
352 3612 557 3676 obviaverint
587 3612 686 3677 lineis
711 3616 771 3690 tad,
792 3617 838 3677 κά
864 3615 900 3675 in
922 3614 1053 3695 punctis
1076 3616 1087 3676 t
1095 3624 1106 3676 t
1119 3637 1131 3686 ,·
1159 3616 1336 3697 copuletur

258 3721 348 3784 linea
361 3723 397 3785 lt.
419 3721 606 3785 &eundum
623 3723 786 3804 principia
803 3741 879 3804 ergo
895 3740 980 3803 quae
995 3725 1262 3804 praeposuimus,
1278 3724 1333 3789 de·

257 3829 316 3894 bet
335 3831 439 3894 videri
462 3833 569 3894 forma
589 3850 609 3894 z
630 3832 666 3893 in
688 3832 762 3896 loco
779 3842 806 3907 t,
828 3841 861 3896 et
882 3833 987 3895 forma
1001 3837 1022 3896 t
1035 3832 1069 3895 in
1088 3833 1162 3897 loeo
1178 3836 1206 3909 t,
1221 3841 1257 3898 et
1270 3836 1332 3898 erit

258 3938 348 4003 linea
369 3942 396 4003 lt
416 3940 476 4004 illa
497 3959 582 4022 quae
604 3941 738 4021 copulat
760 3942 921 4005 terminos
942 3942 1069 4006 formae
1090 3942 1140 4006 rei
1159 3924 1330 4019 videndas,

259 4053 290 4109 et
312 4050 433 4126 positio
456 4051 529 4114 eius
547 4052 633 4116 sieut
652 4051 773 4131 positio
784 4053 841 4128 zb;
864 4060 897 4115 et
911 4052 991 4132 quia
1006 4052 1161 4116 distantia
1175 4055 1331 4133 puratis,
