3278 5364
1293 519 1337 582 li

307 623 466 688 Similiter
494 624 594 690 etiam
616 623 759 689 ⁴habitus
780 630 831 689 est
851 626 887 689 in
909 641 1111 707 unaquaque
1133 627 1342 709 reliquarum

262 750 392 808 rerum,
414 750 595 816 quaecum
612 734 780 799 consimili
800 735 965 812 ridentur,
987 737 1078 816 quod
1097 737 1136 801 tlt
1157 737 1342 801 secundum

264 842 443 908 lassaciam.
465 844 590 909 lterum
612 845 648 909 in
671 845 829 910 omnibus
851 861 937 926 quae
954 845 1122 923 videntur,
1137 863 1212 911 cum
1227 847 1343 912 lumen

265 962 299 1018 et
318 954 409 1019 risus
431 955 466 1017 in
488 954 591 1018 simul
612 954 793 1020 ceciderint
812 974 914 1038 super
935 973 1111 1038 corporum
1133 957 1341 1038 superficies,

264 1063 371 1149 magis
394 1065 549 1130 convenit
570 1071 608 1129 ut
622 1050 796 1146 primores
810 1066 1037 1135 sensibiliasit
1050 1065 1185 1130 babitus
1200 1068 1343 1150 superil-
1365 1143 1368 1150 ¹

203 1242 210 1253 ,
264 1174 329 1239 aiei
349 1193 462 1240 rerum
479 1192 564 1256 quae
579 1175 747 1253 videntur;
765 1176 856 1240 color
872 1183 984 1241 autem
998 1183 1049 1241 eet
1062 1175 1340 1259 superficieipro·
1394 1265 1397 1272 1

263 1285 356 1366 prior
384 1302 487 1366 quam
513 1285 671 1350 subiectis
692 1287 815 1362 rebus,
843 1292 876 1350 et
896 1286 972 1350 ideo
995 1285 1124 1366 antiqui
1140 1292 1343 1351 vocaverunt

259 1393 455 1475 superficies
476 1395 614 1471 colores,
632 1396 793 1477 qnoniam
810 1378 948 1459 'habitus
970 1394 1020 1459 rei
1041 1393 1185 1472 lucidae,
1207 1379 1266 1475 qui
1287 1413 1343 1460 ac-

262 1503 345 1568 cidit
365 1507 402 1567 lu
424 1504 645 1568 substantiam
662 1521 774 1582 suam,
792 1512 844 1568 est
857 1503 950 1569 color
964 1503 1103 1586 aliquls,
1118 1513 1152 1576 et
1165 1523 1271 1585 genus
1285 1524 1342 1568 su·

263 1612 413 1696 perficiei
434 1633 490 1679 res
511 1621 564 1681 est
583 1614 664 1680 huic
685 1614 815 1691 similis,
838 1621 872 1679 et
892 1615 1048 1680 convenit
1063 1616 1094 1679 ei
1108 1632 1234 1680 nomen
1257 1616 1343 1680 eius.

260 1723 308 1788 be
328 1724 496 1790 universis
514 1725 651 1806 quidem
665 1725 765 1790 rebus
779 1725 931 1791 ridendis
946 1741 1066 1807 corpus
1081 1743 1151 1789 non
1166 1732 1218 1790 est
1231 1744 1344 1808 super·

261 1834 365 1910 ficies,
377 1843 427 1900 est
440 1838 603 1901 terminus
618 1837 702 1901 sius.
716 1836 878 1919 Reliquae
891 1854 970 1901 vero
983 1853 1039 1900 res
1052 1831 1168 1901 omnes
1180 1835 1343 1900 ridendae

262 1946 409 2009 existunt
424 1947 611 2011 secundum
627 1945 757 2029 aliquid
779 1964 907 2024 eorum,
930 1964 1018 2028 quae
1039 1955 1119 2010 sunt
1139 1945 1342 2029 superficiem

259 2055 453 2136 magnitudo
468 2057 560 2122 enim
575 2063 626 2122 est
641 2059 805 2122 terminus
817 2057 1013 2140 quantitatis
1025 2055 1225 2138 superficiei,
1236 2055 1343 2138 figura

262 2173 377 2231 autem
400 2168 482 2232 ordo
507 2167 676 2251 qualitatis
699 2167 903 2250 superficiei,
925 2169 1009 2232 situs
1031 2183 1164 2248 quoque
1179 2169 1342 2233 terminus

261 2275 329 2340 looi
347 2277 547 2359 superficiei.
563 2279 669 2342 Motus
683 2295 771 2353 vero,
786 2294 864 2341 oum
878 2276 979 2342 alicui
992 2278 1132 2341 istorum
1147 2277 1191 2341 sit
1205 2277 1342 2341 attribu·

261 2393 327 2461 tus,
337 2386 493 2452 videlicet
504 2370 615 2451 motus
627 2388 835 2464 mutationis,
846 2388 1136 2468 augmentationis,
1145 2386 1343 2450 minutionis

263 2502 296 2560 et
316 2497 555 2574 translationis,
572 2498 731 2580 possibile
753 2504 805 2562 est
825 2497 969 2562 inveniri
985 2496 1167 2577 unicuique
1181 2513 1342 2561 sensuum

260 2605 433 2688 proprium
455 2607 612 2673 sensibile
624 2607 844 2684 ‚conveniens
860 2614 898 2671 ut
913 2608 1039 2689 species
1053 2606 1207 2690 repulsae
1221 2623 1342 2671 manus

258 2715 295 2778 in
309 2722 412 2794 motu,
426 2724 460 2782 et
474 2718 656 2782 humorum
671 2718 707 2781 in
722 2724 832 2799 gustu,
846 2724 1012 2782 atrocum
1029 2719 1066 2781 in
1083 2717 1200 2782 auditu
1215 2724 1249 2781 et
1266 2716 1342 2780 odo·

259 2844 339 2890 rum
351 2828 388 2891 in
404 2828 555 2892 odoratu.
578 2828 617 2891 ln
638 2827 796 2892 omnibus
808 2845 899 2904 vero,
915 2845 1002 2910 quae
1018 2827 1204 2893 secundum
1218 2826 1342 2909 prinoi-

261 2934 355 3016 pium
377 2954 557 3002 nervosum
579 2939 773 3003 communia
793 2943 872 3001 sunt
891 2938 1059 3013 sensibus,
1081 2943 1187 3001 tactus
1203 2943 1237 3001 et
1249 2937 1341 3000 risus

260 3046 458 3127 participant
479 3047 564 3124 sibi,
577 3056 721 3130 excepto
740 3049 776 3111 in
792 3047 919 3126 colore;
942 3046 1034 3112 color
1049 3048 1140 3111 enim
1154 3045 1251 3110 nullo
1265 3063 1342 3122 sen·

260 3172 363 3218 suum
385 3156 600 3238 dignoscitur,
622 3157 690 3222 nisi
710 3157 912 3240 pervisum.
935 3155 1040 3221 Debet
1061 3174 1139 3238 ergo
1161 3155 1340 3219 colorasse

260 3264 419 3330 sensibile
441 3266 614 3349 proprium
634 3267 734 3344 deul,
762 3274 795 3332 et
815 3268 891 3331 ideo
913 3267 1019 3330 iactus
1035 3271 1084 3329 est
1098 3264 1191 3330 color
1204 3265 1239 3328 id
1253 3264 1341 3344 quod

258 3375 365 3456 primo
379 3373 513 3440 videtur
532 3383 607 3459 post
628 3376 756 3441 lumen.
780 3378 871 3442 Unde
886 3381 1022 3458 apparet
1038 3374 1127 3457 quod
1143 3391 1196 3438 res
1209 3373 1340 3437 nonita

258 3502 293 3549 so
308 3485 420 3565 habet,
432 3493 470 3550 ut
483 3487 621 3568 quidam
636 3487 902 3563 aestimaverunt,
917 3486 1067 3551 dicentes
1083 3485 1174 3568 quod
1190 3482 1282 3548 color
1296 3484 1343 3546 sit

258 3612 310 3658 res
325 3595 480 3660 accidens
493 3596 582 3660 usui
596 3603 630 3661 et
639 3596 773 3674 lumini,
785 3615 848 3663 neo
861 3596 962 3662 habet
974 3595 1142 3679 propriam
1154 3594 1339 3658 subsisten-

259 3705 356 3781 tiam,
379 3723 419 3771 eo
442 3707 534 3788 qood
556 3706 670 3771 omnia
695 3705 868 3771 'sensibilia
887 3723 958 3771 non
978 3705 1131 3786 indigent
1151 3704 1266 3786 aliquo
1284 3721 1339 3767 ex·

257 3815 413 3893 trinseoo;
428 3815 558 3880 colores
573 3823 685 3882 autem
697 3817 851 3898 indigent
864 3816 1006 3881 lumine.
1021 3815 1105 3879 Hinc
1120 3830 1196 3895 ergo
1211 3814 1341 3877 videtur

259 3920 321 3988 hoc
343 3942 416 3990 esse
438 3925 587 3990 deiectus
601 3926 784 4008 procedens
800 3946 820 3991 a
837 3927 925 4002 risu,
941 3943 1010 3995 non
1027 3925 1160 3989 erebus
1175 3923 1340 4000 videndis;

260 4049 312 4097 res
334 4035 425 4099 enim
448 4029 535 4116 quae
558 4034 726 4114 ridentur,
741 4043 775 4102 et
788 4035 914 4101 visibili
934 4034 1049 4100 sensui
1065 4032 1251 4106 subiacent,
1272 4049 1340 4096 non
