3278 5364
262 546 320 608 tat

301 659 337 718 In
368 657 517 720 concavis
547 657 690 738 speculis
718 657 747 718 si
776 656 881 722 torma
910 656 959 719 rei
985 655 1147 720 videndae
1167 656 1338 721 ridebitur

259 775 345 831 retro
368 769 557 848 speculum,
581 776 612 832 et
633 770 754 849 positio
776 768 882 847 ipsius
905 767 954 829 rei
969 766 1070 830 inerit
1084 764 1144 829 illa
1159 784 1264 847 quam
1278 786 1337 831 no-

259 877 460 941 minavimus
484 878 688 958 oppositam,
712 878 897 939 secundum
921 894 959 938 ea
981 894 1067 956 quae
1089 880 1180 940 nunc
1202 876 1244 940 de
1263 877 1338 940 aliia

258 989 416 1064 diximus,
439 987 548 1052 lineae
572 989 688 1069 utique
707 988 793 1066 quae'
806 986 962 1067 copulant
976 986 1135 1050 terminos
1150 987 1335 1050 formarum

257 1099 527 1178 magnitudinum
548 1099 769 1161 videndarum
791 1103 950 1177 apparent
964 1098 1107 1160 maiores
1120 1096 1232 1172 lineis,
1247 1114 1332 1178 quae

259 1208 416 1289 copulant
446 1209 606 1271 terminos
633 1226 746 1270 rerum
773 1208 1016 1283 videndarum,
1048 1207 1078 1270 si
1109 1207 1337 1289 aspicerentur

260 1321 332 1382 sine
354 1319 619 1401 reverberatione
642 1317 826 1382 secundum
849 1320 1066 1398 quantitatem
1089 1318 1268 1383 distantiae
1288 1336 1337 1382 ae·

260 1428 395 1510 qualem
417 1429 593 1492 distantiae
616 1429 758 1502 formae,
781 1434 813 1491 et
835 1428 1033 1509 positionem
1056 1426 1231 1511 aequalem
1249 1428 1337 1511 posi-

260 1540 344 1602 tioni
367 1541 440 1603 eius
462 1558 529 1602 non
554 1538 712 1603 translato
733 1539 819 1603 visu.

302 1653 376 1714 Esto
399 1651 502 1714 sectio
524 1650 640 1712 circuli
663 1650 697 1711 in
721 1667 864 1713 concavo
886 1649 1022 1730 speculo
1045 1650 1108 1731 adq
1127 1650 1190 1732 (tto.
1207 1648 1282 1728 66),
1304 1655 1336 1714 et

263 1769 417 1825 centrum
444 1761 559 1824 circuti
591 1764 631 1836 d,
669 1761 759 1824 visus
786 1767 896 1823 autem
919 1778 956 1837 c,
983 1764 1016 1825 et
1036 1761 1240 1842 producatur
1260 1760 1337 1824 aba

259 1870 628 1953 perpendicularem,
651 1873 707 1946 et,
737 1871 846 1950 sitque
874 1869 966 1934 linea
987 1870 1147 1952 copulans
1173 1872 1336 1935 terminos

259 1984 307 2044 rei
326 1982 488 2045 videndae
510 1983 559 2046 ah
580 1983 628 2044 sic
650 1983 771 2063 posita,
789 1989 827 2044 ut
840 1981 932 2045 linea
946 1982 990 2044 bd
1007 1989 1096 2045 secet
1109 2000 1185 2045 eam
1198 1982 1235 2045 in
1252 1982 1334 2046 duas

135 2128 141 2141 ·
258 2093 451 2157 medietates
474 2093 515 2155 ad
536 2098 643 2156 rectos
667 2091 819 2172 angulum
842 2093 937 2155 dehet
960 2092 1049 2156 enim
1071 2093 1156 2156 situs
1172 2094 1249 2157 eius
1263 2110 1335 2157 esse

259 2205 443 2267 secundnm
470 2204 722 2283 oppositionem.
750 2202 989 2265 Protrahantur
1011 2218 1144 2284 qnoque
1166 2203 1210 2266 ab
1231 2222 1248 2267 e
1269 2202 1335 2267 dun

259 2314 356 2388 radii·
375 2320 407 2376 et
428 2313 653 2392 refringantur
675 2313 715 2374 ad
737 2332 756 2374 z
778 2320 811 2374 et
832 2314 874 2375 ad
888 2314 922 2385 t,
938 2319 971 2376 et
984 2312 1052 2375 sint
1066 2330 1120 2390 ea,
1135 2330 1194 2393 eq,
1213 2318 1247 2376 et
1260 2332 1335 2394 pro-

261 2425 349 2487 ducti
363 2425 544 2503 iungantur
558 2423 658 2485 lincis
672 2424 724 2496 ad,
739 2424 796 2497 dh,
812 2441 888 2486 cum
901 2423 1022 2486 tuerint
1036 2428 1221 2504 protractae
1236 2438 1337 2505 super

260 2540 400 2614 punctos
415 2545 433 2609 t,
447 2534 475 2607 t,
487 2535 544 2613 qui
558 2540 636 2596 sunt
650 2540 738 2596 retro
751 2532 933 2613 speculum,
949 2538 982 2595 et
996 2531 1171 2613 copuletur
1182 2532 1278 2597 linea
1289 2528 1336 2609 ist,

157 2702 159 2708 .
263 2652 296 2707 et
317 2651 405 2707 secet
428 2663 500 2707 eam
522 2643 613 2707 linea
633 2645 693 2718 dt,
716 2661 792 2706 cum
817 2643 915 2705 tuerit
935 2644 1105 2723 producta,
1128 2660 1234 2724 super
1253 2662 1337 2725 pun-

262 2762 354 2817 ctum
370 2757 388 2816 l.
405 2755 522 2816 Forma
535 2772 610 2834 ergo
625 2774 643 2816 a
657 2753 824 2816 videbitur
837 2771 939 2834 penes
954 2763 977 2829 t,
989 2757 1022 2815 et
1035 2754 1142 2817 forma
1153 2756 1175 2818 t
1185 2771 1290 2835 penes
1302 2752 1336 2830 t,-

262 2863 352 2926 linea
372 2882 450 2926 vero
474 2865 509 2925 tis
537 2872 586 2927 est
614 2865 671 2927 illa
693 2882 778 2944 quae
801 2862 935 2944 copulat
956 2864 1116 2926 terminos
1137 2864 1267 2928 formae
1288 2864 1335 2927 rei

261 2976 434 3051 videndae,
455 2981 488 3037 et
502 2975 583 3037 situs
600 2975 670 3038 eius
688 2983 738 3037 est
755 2975 840 3037 sicut
853 2974 973 3054 positio
989 2975 1046 3037 ait.
1070 2974 1155 3048 Quia
1168 2975 1274 3054 igitur
1288 2974 1337 3037 di'·

262 3087 381 3148 stantia
397 3093 598 3166 punctorum
609 3088 655 3147 at
671 3103 689 3147 a
702 3086 775 3147 visu
788 3103 803 3147 c
819 3092 869 3149 est
883 3084 1043 3165 aequalis,
1058 3092 1090 3150 et
1105 3084 1222 3166 anguli
1234 3084 1336 3151 reira-

260 3197 379 3258 ctionis
401 3195 569 3277 aequales,
593 3197 654 3259 erit
676 3196 832 3259 distantia
852 3196 1035 3258 formarum
1051 3195 1113 3271 lat
1134 3214 1154 3259 a
1175 3202 1336 3277 punctos

261 3305 425 3386 aequalis,
448 3314 481 3370 et
503 3308 581 3386 quia
603 3312 763 3387 utraeque
784 3304 891 3369 lineae
906 3316 955 3382 et,
974 3307 1009 3369 ct
1030 3312 1109 3369 sunt
1125 3306 1213 3370 sicut
1227 3304 1336 3371 lineae

260 3417 317 3492 tce,
332 3420 379 3493 el,
400 3434 620 3497 unaquaeque
635 3418 721 3480 sicut
735 3434 871 3480 consors
886 3435 958 3489 sua,
975 3422 1009 3481 et
1025 3416 1166 3497 angulus
1183 3418 1236 3480 tet
1250 3416 1336 3483 sicut

262 3528 403 3609 angulus
426 3529 498 3602 tel,
522 3535 554 3592 et
576 3527 692 3592 exinde
715 3533 844 3608 oportet
866 3526 1004 3608 angulos
1022 3533 1174 3591 utrorum
1190 3527 1337 3609 triangu-

260 3640 370 3702 lorum
394 3638 549 3719 aequales
571 3657 664 3714 esse3
687 3644 787 3701 erunt
807 3638 922 3719 utique
946 3637 1060 3720 anguli
1081 3654 1185 3721 penes
1207 3626 1336 3709 tracti.

262 3756 294 3813 et
308 3751 345 3812 tt
359 3751 422 3813 erit
437 3751 661 3831 aequidistans
677 3748 785 3812 lineae
800 3750 855 3822 at,
871 3755 903 3812 et
918 3749 981 3812 erit
996 3749 1164 3830 proportio
1179 3748 1219 3812 ist
1233 3748 1276 3813 ad
1290 3748 1334 3813 st

262 3862 348 3924 sicut
369 3862 539 3942 proportio
563 3863 600 3922 td
623 3861 663 3922 ad
684 3863 746 3937 ad;
764 3860 821 3922 sed
838 3862 879 3922 td
893 3866 943 3923 est
963 3860 1071 3923 maior
1086 3878 1186 3940 quam
1201 3860 1262 3938 ad,
1275 3859 1336 3923 erit

263 3988 338 4050 ergo
363 3971 398 4032 st
419 3973 528 4035 maior
547 3970 648 4052 quam
671 3972 736 4046 zia·
759 3977 791 4034 et
812 3971 892 4050 quia
914 3970 999 4033 sicut
1012 3971 1047 4032 in
1063 3970 1335 4052 praecedentibus
1361 3990 1364 3997 ·

263 4082 575 4158 demonstravimus,
590 4081 750 4163 possibile
766 4089 816 4146 est
830 4083 875 4144 ad
888 4081 1086 4162 quandoque
1102 4092 1174 4146 etse
1189 4080 1279 4147 sicut
1290 4088 1334 4155 at·
