3278 5364
1073 568 1131 638 itt

59 681 227 764 cylindro,
249 690 281 746 et
301 684 390 745 visus
413 682 511 745 luerit
531 685 699 764 oppositus
721 701 839 746 curvae
862 659 1059 766 superficiei,
1078 705 1130 750 re·-

55 791 137 874 gula
156 811 309 873 quoque,
333 811 417 874 quae
440 792 474 855 in
497 791 579 856 illud
601 794 810 867 immittitur,
834 794 931 858 fuerit
953 795 1131 860 constituta

57 920 155 984 super
179 910 281 966 totum
304 903 516 977 diametrum,
539 903 596 984 qui
617 883 724 966 visum
748 905 959 980 determinat,
976 904 1129 971 invenie·

60 1032 134 1076 mus
157 1020 235 1078 tunc
258 1015 292 1076 in
316 1013 529 1083 translatione
559 1013 738 1076 formarum
767 1024 979 1096 augmentum
1006 1016 1129 1080 distan-

60 1123 146 1199 tiae,
169 1125 253 1187 sicut
277 1131 409 1206 apparet
432 1143 450 1187 a
471 1124 656 1188 sublimiori
679 1133 769 1206 parte
793 1125 926 1206 regulae
949 1128 1143 1215 secundum

58 1235 272 1315 positionem,
296 1253 381 1315 quae
403 1242 452 1298 est
474 1236 561 1299 inter
582 1235 737 1298 visum-et
750 1254 861 1313 axem;
881 1244 914 1300 et
928 1238 963 1299 id
978 1238 1132 1319 quodest
1203 1289 1209 1301 .

61 1353 150 1408 extra
178 1363 291 1418 axem,
321 1345 381 1408 erit
409 1346 588 1417 remotius,
618 1353 650 1409 et
671 1346 844 1410 distantiae
868 1348 1131 1429 magnitudinum

59 1472 189 1536 semper
212 1463 309 1519 erunt
332 1457 486 1532 maiores3
509 1457 632 1536 figurae
656 1463 764 1520 autem
787 1457 955 1522 habebunt
968 1459 1130 1524 maiorem

59 1568 253 1630 curvitatem
276 1567 311 1628 in
335 1567 486 1630 exteriori
509 1573 598 1648 parte
621 1568 705 1642 axis,
728 1575 760 1631 at
782 1568 951 1633 habebunt
972 1572 1131 1635 maiorem
1222 1552 1224 1558 ¹

61 1679 317 1750 concavitatem,
349 1695 425 1740 cum
448 1677 569 1740 fuerint
590 1678 624 1747 in
647 1677 796 1741 interiori
819 1686 910 1760 parte
932 1679 1010 1742 axis.
1043 1679 1132 1744 Nihil

59 1805 136 1850 vero
159 1805 197 1850 ex
219 1788 272 1850 his
295 1788 465 1869 apparebit
486 1805 548 1851 nec
570 1788 782 1852 manifestum
805 1790 867 1852 erit
889 1798 1020 1871 propter
1041 1809 1132 1855 coar·

59 1898 235 1961 ctationam
258 1899 429 1962 distantiae
451 1898 709 1970 coniunctionis.
728 1899 763 1962 in
782 1918 848 1980 qua
864 1900 993 1964 videtur
1011 1902 1128 1975 forma,

61 2027 146 2090 quac
168 2009 345 2072 coarctatio
368 2009 515 2090 procedit
536 2027 574 2072 ex
597 2008 763 2073 debilitate
785 2011 886 2072 visus.

103 2119 205 2184 Causa
231 2127 341 2183 autem
369 2138 434 2202 qua
460 2120 557 2183 debet
582 2119 646 2183 hoc
673 2121 763 2194 fieri,
789 2121 872 2185 haec
894 2125 959 2184 est:
987 2123 1062 2186 llato
1084 2124 1133 2187 di·

60 2230 191 2293 stinctio
210 2231 411 2306 communis,
430 2249 545 2294 curvae
564 2231 750 2311 superficiei
769 2249 882 2312 aquae,
899 2239 931 2295 et
945 2232 1132 2314 superficiei

61 2360 121 2423 per
142 2359 242 2422 quam
266 2343 380 2404 transit
398 2342 498 2405 flexus
513 2342 633 2416 radius,
648 2343 748 2405 sectio
764 2341 878 2405 circuli
892 2344 957 2422 obp
974 2344 1036 2422 (fic.
1052 2343 1131 2418 98ot

62 2460 93 2515 et
105 2457 255 2515 centrum
273 2453 342 2516 eius
360 2455 395 2527 d,
413 2453 500 2515 visus
519 2459 630 2515 autem
648 2453 690 2515 sit
707 2459 846 2534 punctus
864 2471 893 2527 e,
912 2461 944 2516 et
962 2453 1133 2534 copuletur

61 2561 150 2627 linea
167 2566 245 2636 eod,
263 2569 294 2625 et
312 2560 523 2643 protrahatur
538 2560 628 2626 linea
642 2554 715 2637 adt,
735 2570 766 2645 et
780 2562 955 2644 copuletur
969 2563 1060 2628 linea
1074 2566 1133 2639 db,

61 2680 94 2737 et
108 2673 312 2747 flectaturat,
327 2674 369 2736 ad
384 2679 510 2755 partem
524 2673 805 2755 perpendicularis
820 2691 918 2756 super
928 2674 1054 2738 lineam
1065 2676 1132 2749 dtis,

62 2791 94 2848 et
116 2783 348 2866 protrahantur
370 2782 479 2848 lineae
500 2786 551 2859 dt,
573 2785 632 2858 dt,
654 2783 760 2864 sitque
776 2785 813 2848 dl
835 2791 942 2849 erecta
957 2790 1133 2867 superecd

63 2895 229 2959 adrectos
253 2893 404 2974 angulos,
429 2901 460 2958 at
481 2894 716 2975 protrahantur
737 2913 837 2977 super
863 2913 936 2959 eam
964 2899 1134 2978 perpendi·
1206 2916 1208 2918 ·

62 2992 187 3069 culares
201 3023 272 3080 sto,
290 3014 333 3081 ts,
350 2984 483 3081 lto,'ltl;
507 3005 646 3086 angulus
669 3006 779 3085 itaque
800 3008 866 3068 daz
887 3007 1058 3070 constituit
1071 3026 1129 3070 an·

63 3116 177 3198 gulum
199 3117 268 3179 zbd
290 3117 461 3190 obtusum,
484 3122 517 3180 et
538 3116 676 3196 angulus
697 3116 768 3180 itt
789 3118 957 3180 constituit
975 3116 1134 3198 angulum

64 3227 132 3290 tet
161 3226 325 3290 obtusum.
356 3227 422 3288 Erit
449 3245 525 3306 ergo
554 3227 661 3289 forma
690 3236 700 3288 t
729 3245 830 3307 penes
858 3246 891 3301 z,
921 3233 953 3291 et
983 3227 1087 3292 forma
1116 3229 1134 3291 lt

62 3339 205 3418 penest,
225 3339 407 3401 secundum
425 3338 458 3400 id
474 3338 562 3418 quod
577 3338 744 3419 proprium
760 3344 809 3401 est
822 3338 995 3401 distantiis.
1010 3326 1132 3402 Tamen

63 3449 169 3512 forma
194 3458 205 3511 t
228 3456 276 3512 est
297 3449 513 3530 propinquior
533 3468 565 3522 z,
590 3448 747 3529 quoniam
776 3459 806 3511 ts
830 3449 940 3512 minor
963 3457 1012 3512 est
1035 3468 1132 3531 quam

63 3579 133 3634 zm,
157 3566 188 3622 et
217 3560 322 3623 forma
344 3559 362 3621 t
386 3567 434 3622 est
464 3560 623 3624 remotior
650 3561 684 3635 t,
709 3560 867 3640 quoniam
892 3561 930 3622 tlt
953 3559 1059 3624 maior
1084 3569 1135 3625 est

63 3690 163 3752 quam
184 3670 240 3733 alt.
920 3675 923 3691 '

106 3784 239 3844 Etcum
263 3783 468 3884 posuerimus
490 3783 596 3844 visum
621 3800 641 3843 a
662 3787 751 3862 parte
773 3781 945 3862 grossioris
967 3782 1133 3862 corporis,

65 3892 102 3954 llt
131 3892 224 3954 flexio
252 3893 292 3954 ad
320 3893 480 3956 diversam
510 3900 633 3971 partem
662 3892 940 3973 perpendicularis
970 3893 1004 3954 in
1033 3892 1136 3972 figura

67 4003 130 4082 (fig.
147 4001 224 4075 tet)
249 4002 351 4064 simili
374 4003 465 4076 huic,
491 4002 657 4066 translatio
682 4003 770 4064 enim
793 4002 911 4065 similis
934 4011 983 4066 est
1003 4019 1135 4084 praeoe-

65 4113 170 4191 denti3
193 4113 365 4182 distantiae
387 4133 464 4181 vero
488 4121 584 4180 erunt
607 4133 624 4176 c
647 4113 789 4189 diverso,
813 4115 919 4178 forma
941 4113 1028 4179 enim
1051 4131 1134 4197 quae
