3278 5364
1230 602 1235 609 .
1289 544 1330 612 99

304 657 427 722 ilurms
447 654 477 720 si
497 657 704 738 posuerimus
725 675 764 722 99
786 655 848 737 (99.
872 655 945 732 38),
967 655 1126 722 maiorem
1147 659 1329 739 quamsit,

261 767 404 834 dicimus
430 767 632 850 impossibile
662 785 733 832 esse
759 767 889 831 radium
910 767 1044 848 refringi
1066 785 1085 830 a
1105 774 1225 849 puncto
1248 788 1267 834 9
1288 770 1330 835 99

262 885 403 964 punctos
418 896 452 957 9,
469 879 491 942 9
508 878 550 943 99
567 877 721 960 aequales
736 877 881 959 angulos.
904 879 1063 954 Quoniam
1078 878 1108 940 si
1123 861 1329 944 diviserimus

260 989 386 1056 lineam
405 1005 446 1054 99
465 988 500 1053 in
522 995 644 1072 puncto
664 998 675 1051 t
694 987 867 1070 aequalem
887 986 996 1053 lineae
1018 989 1077 1064 99,
1099 994 1133 1053 99
1154 988 1329 1070 copulave-

261 1102 367 1167 rimus
388 1111 440 1177 to,
462 1100 526 1165 erit
546 1098 686 1181 angulus
707 1099 767 1165 999
788 1099 874 1163 sicut
894 1097 1034 1179 angulus
1055 1110 1113 1163 999
1138 1078 1329 1182 propterea

261 1229 347 1295 quae
368 1210 678 1290 demonstravimus3
701 1209 840 1291 angulus
854 1227 929 1274 vero
945 1227 1010 1274 999
1025 1210 1131 1273 maior
1145 1216 1194 1273 est
1208 1211 1328 1293 angulo

260 1319 566 1404 anlerimposaibile
581 1326 638 1384 ¹est
659 1337 734 1401 ergo
756 1319 892 1401 refringi
912 1319 1042 1383 radium
1065 1338 1085 1397 a
1105 1327 1227 1402 puncto
1249 1340 1279 1385 o.

301 1435 426 1498 liumus
451 1431 593 1496 dicimus
621 1431 711 1514 quod
737 1430 942 1514 impossihile
964 1436 1014 1495 est
1033 1430 1288 1513 illumrefringi
1309 1451 1329 1497 a

259 1549 382 1629 puncto
402 1543 490 1609 inter
509 1560 545 1618 o,
566 1544 588 1609 9
609 1541 673 1623 (fio.
696 1542 749 1618 999
773 1547 810 1605 ut
832 1560 852 1606 9
872 1547 994 1623 puncto
1011 1541 1040 1604 t.
1056 1542 1137 1606 dum
1160 1541 1250 1606 enim
1273 1561 1327 1608 co·
1399 1535 1403 1541 ’

259 1654 480 1740 pulaverimus
501 1652 687 1730 lineas-lle,
708 1653 760 1729 99,
782 1652 840 1729 99,
862 1652 1022 1734 quoniam
1037 1652 1151 1734 anguli
1167 1653 1242 1728 999,
1257 1652 1328 1732 999,

259 1765 380 1831 debent
401 1782 476 1831 esee·
494 1764 667 1846 aequales,
689 1762 752 1829 erit
771 1763 937 1852 proportio
957 1781 998 1828 99
1020 1764 1060 1827 ad
1081 1765 1125 1828 99
1145 1762 1232 1828 sicut
1252 1782 1327 1847 pro·

259 1877 366 1962 portio
386 1875 431 1941 99
451 1875 494 1940 99
512 1875 567 1952 99,
589 1873 647 1938 sed
666 1892 704 1939 99
725 1873 836 1939 maior.
854 1879 903 1939 999
919 1892 1020 1956 quam
1037 1876 1096 1951 99,·
1110 1874 1176 1938 erit
1193 1892 1268 1956 ergo
1285 1875 1328 1939 99

259 1966 368 2055 maon
386 2004 487 2070 99999
506 1985 568 2062 99,
591 1986 697 2050 maior
717 1985 991 2067 videlicet‘quam
1011 1985 1131 2063 maior,
1153 1987 1242 2067 quod
1262 1984 1326 2049 fal·⁸

236 2168 238 2175 ,
259 2080 335 2163 sum
355 2103 414 2163 eet.
432 2097 503 2177 Non
521 2112 597 2178 ergo
614 2095 802 2178 refringitur
817 2095 904 2160 inter
919 2097 990 2173 9,’9
1008 2094 1196 2179 apuuctoft
1213 2096 1326 2161 radius

259 2210 301 2287 99
322 2207 477 2292 aequales
498 2206 646 2301 angulos.

300 2319 460 2387 Volumus
481 2319 704 2384 demonstrare
726 2319 813 2401 quod
831 2317 867 2381 in
884 2317 1149 2382 circumferentia
1170 2318 1326 2385 existente

259 2430 346 2495 inter
364 2434 502 2512 punctos
523 2447 559 2504 9,
582 2429 607 2490 b.
621 2435 671 2492 est
691 2434 847 2511 punctus,
869 2447 889 2492 a
910 2446 975 2509 quo
993 2427 1033 2489 fit
1048 2428 1265 2492 reverberatio
1284 2430 1325 2495 ad

258 2539 412 2623 aequales
434 2538 579 2621 angulos.
595 2539 645 2603 lta
662 2537 813 2603 videlicet
824 2544 965 2621 ponatur
979 2539 1145 2620 proportio
1159 2542 1325 2621 augmenti

258 2670 297 2718 99
321 2669 420 2734 super
439 2650 481 2716 99
501 2652 542 2716 ad
562 2639 616 2726 99,
638 2651 724 2714 sicut
742 2650 909 2733 proportio
922 2649 967 2714 99
988 2648 1166 2716 adlineam
1182 2652 1325 2733 quaesit

258 2765 368 2855 maior
387 2780 489 2846 quam
510 2751 556 2829 99
582 2769 620 2825 99
639 2762 706 2839 99,
733 2767 767 2826 99
791 2761 997 2861 [9999999999
1018 2760 1162 2827 lineali
1187 2769 1323 2844 tangens

257 2872 419 2943 circellum
431 2875 500 2956 obp
513 2875 547 2938 in
563 2881 685 2956 puncto
701 2875 727 2951 9,
749 2877 781 2960 99
798 2871 993 2954 copulentur
1008 2872 1116 2939 lineae
1131 2875 1181 2951 99,
1196 2857 1247 2938 99ζ
1270 2875 1323 2938 Di·

258 2987 365 3053 cimus
393 3003 469 3069 ergo
497 2986 586 3069 quod
614 2985 677 3048 999
708 2984 895 3065 refringitur
924 2985 965 3048 99
992 2985 1145 3067 aequales
1175 2985 1322 3067 angulos.

257 3098 413 3165 Transeat
421 3115 481 3186 per
490 3095 909 3179 punctumalineainmeo
921 3096 1141 3177 aequidistans
1153 3095 1322 3172 limasti,

258 3216 291 3276 ei
302 3209 457 3293 iungatur
465 3209 559 3274 linea
574 3209 613 3272 99
627 3226 703 3271 cum
718 3207 877 3292 producta
891 3206 988 3271 fuerit
1003 3207 1038 3269 in
1051 3226 1090 3283 o,
1105 3213 1138 3271 99
1154 3208 1323 3289 copuletur

256 3323 288 3387 99
308 3327 342 3391 si
355 3319 518 3385 dividatur
537 3325 568 3386 99
581 3320 666 3383 sicut
686 3320 739 3383 99.
762 3320 922 3394 Quoniam
937 3336 1012 3399 ergo
1027 3318 1194 3401 proportio
1214 3318 1259 3382 99
1280 3319 1322 3383 99

256 3432 317 3510 99,
338 3430 424 3497 sicut
435 3431 603 3515 proportio
625 3440 661 3494 99
679 3431 720 3499 99
740 3441 798 3514 et„
810 3449 895 3513 quae
911 3436 960 3495 est
973 3431 1058 3493 sicut
1070 3431 1129 3505 99,
1144 3435 1178 3495 99
1189 3449 1322 3514 permu-

257 3542 351 3608 tatim
365 3542 429 3608 erit
440 3542 606 3624 proportio
622 3542 668 3607 99
682 3542 723 3605 99
737 3543 780 3605 99
795 3541 881 3606 sicut
897 3542 1063 3626 proportio
1078 3542 1121 3607 99
1138 3540 1180 3606 99
1195 3563 1250 3618 99;
1265 3545 1323 3607 999

257 3655 422 3739 proportio
441 3652 492 3718 99
511 3652 554 3718 99
573 3654 631 3730 99,
654 3660 704 3718 999
724 3653 809 3718 sicut
829 3655 994 3737 proportio
1009 3653 1046 3720 99
1063 3654 1105 3720 ad
1122 3673 1181 3732 eo,
1201 3659 1234 3718 et
1247 3673 1321 3737 pro·

257 3767 364 3849 portio
383 3765 428 3829 99
448 3766 490 3829 ad
510 3783 549 3829 99
569 3766 655 3830 sicui
674 3765 840 3848 proportio
861 3764 896 3829 99
916 3767 958 3831 99
979 3784 1046 3843 em,·
1067 3766 1129 3830 erit
1150 3784 1225 3848 ergo
1247 3783 1321 3849 pro·

257 3877 364 3960 portio
376 3876 637 3959 uniuscuiusque
652 3875 816 3940 linearum
830 3895 897 3952 em,
912 3896 955 3942 99
968 3896 1036 3941 nna
1058 3883 1090 3943 99
1104 3877 1229 3952 eadem,
1244 3881 1321 3940 sunt

256 3987 356 4070 igitur
377 3987 538 4070 aequales.
560 3988 660 4052 Linea
685 3994 795 4052 autem
812 3989 841 4053 99
862 3994 911 4054 999
925 3989 1119 4066 communis,
1136 3994 1168 4052 et
1182 3989 1247 4052 duo
1261 4005 1319 4051 an·

258 4099 324 4180 guli
345 4104 497 4173 utrorum
518 4097 765 4181 triangulorum,
787 4099 844 4182 qui
865 4106 941 4164 sunt
965 4117 1065 4182 penes
1086 4116 1113 4178 9,
1133 4105 1212 4164 sunt
1227 4100 1319 4175 recti,
