3278 5364
308 559 347 619 ab

306 665 477 727 trahantur
499 663 606 726 lineae
628 667 720 737 bure,
743 666 798 738 ab,
822 672 854 726 et
877 664 1056 743 iungantur
1077 665 1111 726 in
1135 672 1259 744 puncto
1274 682 1318 726 m.
1343 666 1377 728 lu
1403 630 1408 641 .

305 782 427 856 puncto
449 775 551 854 igitur
570 794 602 835 m
625 773 696 837 solo
714 773 880 836 videbitur
895 773 1003 835 forma
1015 777 1049 847 lt,
1065 782 1200 854 propter
1216 773 1379 859 principia

305 902 389 965 quae
405 883 676 964 praetaxavimus,
691 891 725 946 et
741 884 802 946 erit
816 901 947 963 semper
962 884 1051 946 inter
1068 901 1140 946 rem
1154 883 1380 947 videndumst

175 1064 191 1089 ·
305 1012 334 1066 c,
357 993 414 1072 qui
436 1001 486 1056 cst
507 1000 659 1056 centrum
681 992 807 1066 circuli,
829 992 988 1072 quoniam
1010 991 1101 1056 linea
1123 1010 1210 1073 quae
1232 993 1381 1074 procedit

306 1103 346 1164 ab
361 1122 376 1164 e
397 1103 439 1165 ad
454 1105 486 1177 b,
505 1102 621 1165 dividit
635 1104 792 1180 angulum
811 1104 886 1166 zblt.
909 1103 990 1164 (lum
1008 1120 1085 1181 ergo
1101 1103 1201 1165 fuerit
1216 1102 1378 1182 producta

305 1212 394 1275 linea
414 1214 469 1286 sb,
491 1213 615 1274 secabit
635 1215 693 1285 lte,
717 1220 750 1274 et
771 1213 868 1274 debet
888 1228 961 1274 esse
982 1218 1072 1275 retro
1094 1210 1280 1291 speculum.
1305 1213 1380 1293 Spe-

306 1321 421 1385 culum
443 1323 532 1384 enim
555 1329 613 1384 est·
625 1322 712 1384 inter
732 1323 842 1383 visum
857 1328 890 1384 et
905 1321 1175 1384 coniunctionem
1197 1322 1379 1401 praedicta·

306 1450 381 1493 rum
404 1430 578 1494 linearum.
608 1431 702 1505 Quod
722 1431 858 1510 quidem
880 1431 987 1493 forma
1008 1430 1058 1493 rei
1079 1429 1243 1493 videndae
1265 1432 1311 1493 sit
1330 1448 1380 1495 se·

308 1542 454 1603 cundum
478 1542 566 1619 quod
589 1541 751 1614 diximus,
775 1548 808 1603 et
829 1541 918 1620 quod
940 1545 1075 1621 apparet
1096 1539 1176 1603 inde
1197 1541 1381 1604 secundum

308 1649 397 1728 quod
419 1649 567 1712 arbitrati
590 1666 721 1724 sumus,
743 1657 871 1712 certum
893 1655 955 1712 est.

350 1759 544 1821 Coniunctis
567 1765 679 1821 autem
701 1759 735 1820 in
759 1777 826 1838 qua
847 1759 1129 1840 apparetfurma,
1157 1776 1225 1821 non
1248 1774 1382 1839 semper

309 1875 358 1931 est
378 1868 465 1931 inter
485 1866 698 1947 superficiem
719 1867 847 1948 speculi
869 1872 902 1930 et
923 1875 1076 1930 centrum
1099 1867 1273 1947 sphaerae.
1303 1868 1381 1931 Pos-

307 1976 403 2039 sibile
425 1984 475 2040 est
496 1977 588 2040 enim
610 1977 768 2057 coniungi
790 1977 973 2058 praedictus
996 1977 1077 2039 duas
1097 1982 1206 2061 rectas
1220 1973 1332 2039 lineas
1346 1977 1380 2039 in

307 2087 379 2167 ipsa
399 2087 575 2168 superficie
597 2085 740 2168 speculi,
763 2094 796 2149 et
818 2087 910 2166 iungi
932 2085 1054 2149 iterum
1070 2086 1160 2148 inter
1169 2085 1381 2166 superficiem

309 2195 437 2273 speculi
459 2203 492 2258 et
513 2213 584 2259 rem
605 2196 792 2259 videndam.

349 2304 475 2365 Rursus
491 2312 560 2367 esto
576 2305 678 2366 sectio
694 2303 825 2377 circuli,
842 2304 900 2385 qui
915 2304 951 2366 in
964 2321 1066 2368 curro
1080 2302 1226 2384 speculo,
1240 2289 1383 2366 circum-

310 2412 451 2477 ferentia
471 2414 511 2492 ὀρ
525 2413 587 2494 lfip.
605 2412 675 2488 291,
697 2419 730 2476 et
751 2414 794 2476 sit
807 2413 1075 2477 circumferentia
1088 2413 1153 2475 ista
1166 2413 1277 2475 minor
1291 2419 1382 2476 sexta

308 2529 400 2603 parte
423 2524 553 2598 circuli,
575 2529 608 2587 et
629 2524 856 2604 producantur
877 2525 962 2586 duae
983 2523 1092 2587 lineae
1109 2524 1178 2598 ebt,
1192 2524 1269 2603 tyle,
1285 2529 1382 2586 etre=

308 2631 468 2711 fringatur
488 2633 532 2694 τὸ
555 2634 596 2695 ad
618 2631 774 2712 aequales
797 2630 937 2711 angulos
960 2640 997 2694 ut
1017 2632 1091 2695 abl.
1124 2632 1273 2695 Dicimus
1299 2650 1377 2714 ergo

286 2761 288 2765 ’
312 2742 401 2820 quod
420 2743 466 2815 bl,
484 2759 562 2804 cum
580 2743 738 2820 producta
755 2743 870 2816 fuerit,
888 2742 1034 2805 obviabit
1048 2730 1278 2823 epft'inparte
1291 2746 1382 2823 pult·

308 2857 437 2913 ctorum
449 2852 478 2924 lc,
491 2853 511 2925 l,
525 2857 556 2913 et
568 2851 647 2930 quia
661 2851 926 2915 circumferentia
939 2854 979 2931 lp
992 2853 1104 2914 minor
1118 2858 1170 2914 est
1185 2858 1276 2916 sexte
1290 2860 1381 2932 parte

309 2959 439 3034 circuli,
462 2959 524 3023 crit
545 2959 687 3039 angulus
711 2961 768 3038 lep
789 2961 901 3023 minor
917 2962 1047 3024 duabus
1063 2961 1214 3040 partibus
1228 2963 1311 3024 rectl
1325 2978 1383 3025 sn-

309 3067 400 3148 guli,
423 3075 456 3132 et
477 3068 618 3148 angulus
640 3071 721 3148 etp,
748 3071 806 3150 qui
828 3078 878 3132 est
899 3072 986 3133 sieut
1008 3070 1248 3150 anguinum,
1273 3070 1382 3133 maior

309 3186 359 3241 est
381 3196 482 3258 quam
504 3180 590 3243 dirae
611 3187 720 3260 partes
742 3179 856 3258 anguli
878 3181 970 3243 recti.
992 3179 1140 3260 Angulus
1159 3196 1239 3243 vero
1253 3180 1316 3242 zbt
1329 3196 1381 3243 ac·

308 3288 417 3366 qualis
439 3294 489 3351 est
511 3288 631 3368 angulo
655 3291 719 3365 tbl,·
742 3288 884 3369 angulus
899 3308 1034 3371 quoqne
1057 3292 1110 3352 ttt
1129 3290 1305 3354 maiorest
1326 3308 1382 3353 ans

309 3396 387 3475 gulo
411 3398 489 3476 ὂψ
512 3397 621 3462 lineae
644 3416 720 3479 ergo
742 3400 789 3473 bl,
805 3399 844 3462 eft
866 3399 1071 3463 conveniunt
1091 3400 1125 3461 in
1148 3399 1207 3463 illa
1226 3406 1332 3480 parte,
1346 3400 1381 3463 in

307 3524 374 3585 qua
395 3514 474 3568 sunt
494 3510 610 3587 puncti
633 3509 665 3582 lt,
688 3511 707 3572 l.
738 3509 920 3588 Iungentur
940 3500 1111 3589 itaque'in
1134 3517 1256 3589 puncto
1277 3526 1320 3570 m.
1348 3508 1381 3572 st

307 3635 385 3696 ergo
401 3616 526 3696 opinati
545 3617 721 3692 fuerimus,
736 3618 827 3698 quod
842 3620 933 3680 visus
948 3619 991 3680 sit
1011 3636 1030 3680 z
1052 3625 1084 3681 et
1106 3636 1160 3680 res
1176 3618 1318 3682 videnda
1331 3636 1380 3693 m,

308 3726 370 3788 erit
391 3726 498 3788 forma
521 3725 594 3790 eius
617 3742 716 3806 super
737 3734 897 3807 punctum
930 3747 969 3806 p,
991 3728 1048 3806 qui
1072 3734 1122 3790 est
1147 3727 1183 3789 in
1205 3726 1380 3808 superficie

307 3834 444 3916 speculi.

349 3946 475 4008 Rursus
497 3945 530 4007 in
554 3944 659 4008 simili
681 3945 786 4026 figura
812 3945 1022 4026 protrahatur
1049 3945 1139 4008 linea
1167 3945 1228 4020 cfr,
1258 3953 1291 4010 et
1312 3962 1379 4009 ncn

308 4059 450 4117 transeat
470 4073 529 4134 per
549 4063 710 4135 punctum
732 4074 771 4133 9,
802 4056 860 4118 sest
890 4063 977 4119 secet
1004 4055 1130 4118 lineam
1158 4057 1201 4118 bb
1232 4055 1267 4118 in
1296 4074 1378 4138 puna
