3278 5364
263 525 303 588 42

260 636 309 700 rei
331 636 371 700 de
392 636 519 699 diversa
540 634 747 715 longitudine
774 635 957 698 secundum
977 634 1232 699 sensibilitatem
1253 652 1325 715 pro·

259 753 332 826 pter
348 746 548 811 celeritatem
561 745 747 821 volutionis,
762 747 855 809 etsie
870 745 998 811 ridetur
1011 745 1186 827 aspicienti
1201 745 1323 811 habere

260 857 402 919 formam
424 857 487 920 ovi.

303 966 354 1029 Fit
381 967 481 1030 etiam
510 965 639 1030 fallacia
659 967 693 1029 in
715 966 859 1029 motibus
880 983 992 1029 rerum
1015 965 1233 1030 videndarum
1254 965 1325 1029 sinc

263 1077 373 1157 aliqua
394 1076 584 1157 deceptione
606 1077 705 1151 visus,
727 1077 785 1140 sed
807 1077 872 1139 hoc
893 1074 1067 1139 subiicitur
1080 1077 1192 1139 virtuti
1208 1076 1327 1140 discer-

261 1187 404 1261 nitivae,
430 1205 508 1250 cum
528 1187 755 1251 consideratur
777 1186 869 1249 aliud
890 1185 1061 1249 consimile
1083 1203 1142 1266 per
1162 1186 1327 1266 praedicta

261 1297 457 1371 accidentia,
479 1297 665 1360 secundum
686 1296 771 1359 illud
793 1296 883 1377 quod
905 1297 1046 1360 diximus
1067 1296 1141 1359 fieri
1162 1297 1203 1359 de
1223 1294 1327 1361 veloci

220 1472 223 1477 ,
262 1408 409 1471 motione
423 1415 599 1482 trecorum,
612 1409 669 1488 qui
685 1426 763 1471 curn
776 1413 959 1483 moventur,
970 1411 1105 1487 putatur
1119 1407 1209 1486 quod
1223 1407 1327 1470 sensi·

261 1518 373 1581 bilitas
390 1537 456 1582 non
473 1518 589 1581 incidit
606 1536 705 1599 super
718 1525 847 1582 motum
862 1535 979 1591 eorum
992 1525 1124 1599 propter
1136 1517 1328 1587 brevitatem

263 1629 419 1710 temporis
441 1647 506 1709 quo
528 1628 717 1708 volvuntur3
741 1636 773 1691 et
793 1637 830 1692 nt
843 1628 927 1692 illud
942 1628 1031 1709 quod
1045 1627 1165 1693 accidit
1178 1628 1214 1690 in
1230 1628 1327 1693 robus

262 1757 345 1819 quae
367 1747 540 1803 moventur
558 1747 591 1803 et
604 1739 757 1802 ridentur
772 1757 791 1801 a
806 1739 920 1819 longe,
936 1728 1093 1819 putantur
1108 1737 1197 1801 euim
1217 1744 1251 1801 et
1264 1738 1326 1801 bae

261 1859 347 1913 stare
368 1858 502 1931 propter
523 1851 698 1915 stationem
718 1850 858 1913 visibilis
879 1850 980 1924 radii,
999 1849 1155 1930 quoniam
1173 1868 1242 1913 non
1258 1866 1326 1911 mu·

262 1967 372 2024 tantur
393 1961 439 2025 ibi
455 1961 627 2025 distantiae
641 1961 808 2024 radiorum
825 1960 999 2024 sensibiles
1014 1961 1048 2023 in
1064 1968 1211 2041 tempore
1226 1960 1325 2023 brevi

261 2071 295 2134 Si
324 2090 399 2135 vero
428 2071 636 2136 movebimur
663 2073 698 2134 in
724 2071 834 2153 aliqua
856 2071 1037 2151 quantitate
1059 2069 1236 2133 distantiae
1258 2087 1325 2133 nou

261 2181 400 2245 habente
423 2182 627 2246 sensibilem
663 2183 909 2265 proportionem
944 2183 987 2244 ad
1022 2181 1241 2261 quantitatem
1273 2179 1325 2251 di-

261 2293 399 2356 stantiae
421 2293 470 2355 rei
492 2293 667 2367 videndae,
690 2292 858 2374 apparebit
874 2293 969 2355 nobis
984 2309 1036 2354 res
1050 2292 1191 2355 ridenda
1204 2289 1326 2355 moveri

261 2404 434 2467 nobiscum
456 2404 498 2467 ad
520 2403 671 2466 eamdem
692 2411 818 2484 partem
840 2411 933 2465 motu
950 2401 1080 2482 aequali
1097 2403 1132 2464 in
1147 2400 1325 2477 celeritate,

263 2516 349 2594 quod
371 2532 466 2594 saepe
489 2514 605 2577 accidit
627 2514 662 2576 in
685 2513 765 2577 luna
787 2522 819 2577 et
840 2513 1002 2577 universis
1021 2510 1225 2592 corporibus,
1244 2528 1325 2593 quac

261 2630 338 2687 sunt
359 2625 395 2688 in
417 2624 520 2699 coelo,
541 2631 673 2705 propter
693 2623 905 2707 splendorem
920 2630 953 2688 et
966 2641 1123 2703 magnam
1137 2622 1326 2686 distantiam

262 2753 388 2809 eorum,
410 2740 443 2797 et
464 2735 541 2815 quia
562 2753 638 2798 cum
660 2754 831 2799 movemur
852 2744 884 2798 et
905 2735 1132 2816 protendimus
1157 2734 1248 2795 visus
1271 2751 1327 2798 no·

261 2852 362 2920 stros,
385 2850 417 2909 et
437 2845 478 2907 ad
499 2845 691 2909 huiusmodi
714 2864 785 2909 rem
805 2847 981 2911 ridendam
1003 2863 1071 2908 non
1092 2843 1326 2925 suscipimusa

261 2957 334 3019 visu
353 2955 544 3019 sensibilem
567 2956 769 3035 distantiam3
791 2956 961 3037 proportio¹
975 2957 1065 3020 enim
1079 2954 1156 3030 loci,
1174 2973 1242 3035 quo
1259 2972 1326 3019 mo·

263 3084 378 3129 remur
391 3067 440 3154 ad
460 3067 659 3145 distantiam,
676 3074 724 3131 est
738 3074 774 3130 ut
787 3074 927 3148 punctus
945 3068 986 3130 ad
1003 3067 1107 3130 illam.
1126 3068 1189 3129 Res
1206 3073 1325 3139 autem,

263 3194 343 3256 quas
364 3176 454 3239 idern
474 3176 562 3240 visus
584 3178 832 3258 comprehendit
852 3184 977 3253 motas,
1004 3177 1033 3241 si
1054 3184 1230 3241 moventur
1251 3192 1326 3239 oum

264 3306 314 3363 eo,
331 3305 464 3352 necesse
484 3296 549 3363 est,
566 3296 696 3352 utrum
709 3289 808 3363 fuerit
822 3289 975 3352 transitus
992 3306 1106 3352 earum
1120 3288 1156 3351 in
1172 3287 1327 3351 distantia

263 3397 412 3461 sensibili
429 3388 475 3462 ¹et
503 3400 615 3462 sensui
648 3406 836 3480 patentem,
867 3407 899 3463 et
929 3375 1141 3479 augmentum
1173 3399 1264 3479 quod
1290 3415 1326 3461 ex

264 3508 416 3572 distantia
450 3509 507 3583 fit,
544 3529 612 3572 non
649 3510 766 3573 habeat
800 3511 1066 3591 proportionem,
1103 3509 1328 3573 existimentur

263 3620 388 3684 moveri
418 3620 596 3701 aequaliter
622 3620 764 3683 motioni
791 3627 922 3685 nostrae
949 3622 990 3684 ad
1017 3620 1168 3687 eamdem
1189 3626 1325 3701 partem.

263 3731 421 3795 Similiter
435 3731 534 3796 etiam
546 3733 696 3796 derebus
709 3731 877 3796 velocitate
894 3730 1085 3811 aequalibus
1100 3739 1258 3811 apparent
1270 3748 1326 3801 rs-

263 3842 414 3922 lociores,
428 3842 505 3907 illae
519 3861 603 3925 quae
619 3843 870 3924 propinquiores
884 3850 963 3905 sunt
975 3842 1071 3917 uarii,
1083 3859 1224 3922 quarum
1239 3842 1327 3905 enim

265 3953 416 4017 diametri
445 3961 523 4019 sunt
551 3954 726 4034 aequales,
755 3955 957 4018 subtendunt
976 3954 1138 4018 maiorem
1160 3953 1325 4035 angulum.

264 4062 342 4129 Illae
356 4071 466 4129 autem
479 4083 563 4148 quae
573 4071 743 4139 transeunt
754 4065 942 4129 dicendam
954 4064 1120 4149 maiorum
1131 4063 1328 4148 angtdorum
