3278 5364
259 503 298 566 26

256 613 396 687 brevior,
418 612 603 691 longiorem
626 629 715 688 vero,
737 629 814 675 oum
836 612 925 674 idem
946 612 1060 675 radius
1075 612 1177 676 fuerit
1191 610 1332 692 longior.

256 722 442 787 Praedictae
460 730 571 786 autem
590 723 674 785 duae
693 723 831 802 speeies,
847 740 906 803 per
920 740 1004 802 quas
1018 722 1250 786 consideratur
1263 738 1332 785 ma·

258 833 396 913 gnitudo
417 840 568 914 aspectus
590 851 722 907 rerum,
746 851 814 895 non
837 833 997 896 differunt
1013 833 1048 895 in
1064 851 1182 910 sensu3
1205 832 1335 912 reliqua

257 962 333 1008 vero
356 944 482 1019 differt,
505 946 665 1026 quoniam
688 946 716 1007 si
738 945 839 1008 fuerit
853 944 1025 1007 diversitas
1049 962 1068 1007 a
1089 945 1187 1008 tertia
1208 944 1333 1025 speeie,

257 1055 410 1119 videlieet
431 1056 472 1118 ab
494 1055 641 1134 angulis,
665 1056 833 1137 apparebit
849 1073 903 1119 res
919 1056 1037 1130 maior,
1060 1073 1137 1119 oum
1160 1055 1336 1119 continens

257 1164 400 1245 angulus
421 1165 522 1228 fuerit
545 1165 660 1230 maior.
1178 1138 1186 1153 ο

274 1266 586 1350 'Quemadmodum
608 1277 637 1338 si
660 1277 784 1340 fuerint
805 1278 891 1340 duae
921 1277 1189 1356 magnitudines,
1211 1282 1250 1339 ut
1270 1276 1333 1351 ab,

256 1390 301 1467 qd
322 1388 392 1467 tta
416 1387 475 1464 bt,
499 1394 531 1450 et
552 1388 729 1451 habuerint
751 1389 907 1452 eumdem
929 1388 1033 1451 situm
1055 1394 1089 1453 et
1108 1387 1262 1451 eamdem
1285 1387 1334 1450 di·
1347 1386 1366 1477 η’

257 1498 424 1572 stantiam,
446 1504 478 1560 et
500 1499 760 1562 continebuntur
782 1499 913 1578 angulis
930 1498 1180 1580 inaequalibus3
1197 1506 1280 1561 tune
1293 1499 1335 1560 nt

259 1609 317 1689 qui
346 1608 534 1673 continetur
560 1610 679 1673 maiori
702 1609 843 1690 angulo,
866 1610 908 1674 ad
929 1616 1091 1691 punctum
1111 1630 1149 1684 a,
1170 1609 1336 1674 videbitur

257 1719 378 1793 maior,
400 1726 433 1782 et
453 1721 482 1782 si
505 1719 605 1783 fuerit
626 1720 795 1784 diversitas
810 1723 846 1782 in
861 1720 1001 1801 reliquis
1015 1721 1144 1783 duabus
1159 1719 1332 1800 speciebus

259 1835 408 1906 tantum,
441 1849 627 1911 numquam
656 1850 709 1895 res
734 1831 901 1895 videbitur
932 1832 1057 1906 maior,
1083 1832 1152 1896 sive
1182 1830 1336 1895 habuerit

257 1942 418 2005 maiorem
440 1942 698 2023 oppositionem,
722 1942 790 2006 sive
812 1942 912 2006 fuerit
932 1942 1161 2024 propinquior.

298 2052 466 2117 Videbitur
487 2071 564 2133 ergo
587 2061 645 2117 aut
658 2055 769 2117 minor
786 2060 844 2118 aut
857 2053 1017 2135 aequalis,
1033 2060 1067 2119 st
1081 2053 1117 2116 in
1132 2070 1334 2133 unaquaque

259 2180 374 2226 earum
396 2163 461 2227 hoe
483 2165 652 2244 apparebit
673 2165 860 2230 seeundum
881 2167 1141 2248 proportionem,
1156 2183 1245 2247 quae
1259 2160 1335 2246 per·

259 2274 342 2336 tinet
362 2274 444 2354 ipsis
462 2275 719 2354 quantitatibus,
735 2276 839 2340 veluti
854 2277 883 2339 si
898 2277 1021 2340 fuerint
1035 2277 1121 2340 duae
1133 2276 1335 2355 quantitates

257 2384 310 2459 ab,
332 2387 378 2464 qd
401 2384 463 2464 (fig.
487 2385 540 2461 7),
559 2385 718 2449 habentes
741 2388 897 2450 eumdem
919 2388 1021 2449 situm
1044 2394 1077 2450 et
1097 2386 1338 2449 subtendentes

259 2494 414 2558 eumdem
437 2495 607 2575 angulum,
631 2498 690 2576 qni
712 2503 761 2560 est
783 2516 808 2560 e.
832 2497 912 2560 Cum
927 2515 1004 2577 ergo
1020 2497 1178 2561 distantia
1199 2497 1247 2559 ab
1268 2514 1336 2560 non

258 2604 301 2665 sit
322 2604 471 2684 aequalis
494 2605 669 2669 distantiae
692 2610 757 2686 qd,
779 2608 837 2671 sed
857 2608 1143 2688 propinquiores,
1158 2607 1335 2686 sinuque

258 2731 442 2793 numquam
459 2717 628 2796 apparebit
643 2717 750 2781 maior
761 2736 861 2798 quam
873 2721 929 2797 qd,
943 2718 1128 2781 seeundum
1142 2716 1233 2799 quod
1243 2717 1335 2781 deest

259 2831 393 2905 proptor
412 2827 694 2906 propinquitatem
716 2846 835 2904 suam,
857 2828 917 2893 sed
938 2837 997 2892 aut
1016 2828 1129 2892 minor
1151 2828 1336 2908 apparebit,

260 2934 349 3013 quod
371 2934 409 2996 fit
429 2952 506 2998 oum
529 2937 686 3001 distantia
707 2937 844 3002 alterius
867 2938 909 3002 ab
930 2939 1035 3002 altera
1056 2938 1210 3002 habuerit
1231 2937 1336 3003 sensi·

259 3043 361 3107 bilem
389 3048 628 3124 quantitatem,
660 3055 717 3111 aut
741 3049 906 3113 videbitur
932 3049 1158 3130 aequalium,
1186 3049 1279 3129 quod
1298 3048 1336 3113 ut

260 3171 337 3217 oum
360 3157 524 3236 quantitas
546 3158 744 3223 diversitatis
767 3160 942 3225 distantiae
963 3160 1064 3223 fuerit
1084 3158 1299 3223 insensibilis.

301 3265 462 3329 Similiter
482 3268 582 3331 etiam
604 3287 682 3332 oum
703 3270 830 3333 fuerint
846 3270 932 3334 duae
949 3270 1206 3350 magnitudines,
1223 3277 1263 3332 ut
1278 3269 1334 3342 ab,

259 3377 306 3452 qd
327 3376 393 3456 (fiq.
410 3377 462 3454 8),
480 3379 633 3460 aequalis
656 3380 848 3455 distantiae,
872 3386 904 3444 et
924 3380 1156 3444 subtenderint
1177 3378 1334 3443 eumdem

260 3480 511 3568 angulum‚'qui
530 3496 580 3552 est
600 3509 629 3564 e,
651 3491 734 3553 situs
757 3497 869 3554 autem
891 3508 1007 3556 eorum
1029 3483 1334 3564 fuerit'dissimilis,

261 3593 365 3658 altera
390 3596 526 3678 quide'm
555 3617 670 3663 earum
697 3601 846 3683 opposita
867 3602 1040 3676 existente,
1063 3602 1167 3666 altera
1192 3616 1273 3665 varo
1294 3599 1335 3663 ad

260 3703 347 3770 latus
369 3708 526 3788 proclivi,
547 3710 649 3798 fuerit
670 3720 780 3775 autem
802 3714 848 3775 ab
871 3713 1040 3794 opposita,
1062 3728 1250 3793 numquam
1280 3728 1335 3792 ap·

261 3818 450 3908 parebitab
472 3820 580 3884 maior
600 3839 701 3901 quam
722 3827 787 3903 qd,
810 3824 995 3888 seeundum
1016 3822 1106 3905 quod
1127 3823 1278 3903 provenit
1298 3838 1337 3886 er

262 3929 482 4009 oppositione,
504 3932 564 3996 sed
585 3940 642 3995 aut
663 3933 775 4009 minor
796 3934 1086 4015 apparebit‘quam
1106 3922 1168 4013 qd,
1191 3932 1283 4014 quod
1298 3931 1336 3995 flt

262 4057 339 4103 oum
367 4043 537 4109 diversitas
565 4043 740 4124 utriusque
767 4044 1007 4126 magnitudinis
1033 4044 1190 4111 habuerit
1210 4044 1247 4108 in
1269 4043 1337 4109 situ
