3278 5364
1292 546 1331 611 39

257 653 354 722 iliud
376 654 464 734 quod
485 654 636 729 diximus,
659 660 696 717 ut
717 654 751 719 id
773 656 861 735 quod
884 655 1001 719 accidit
1014 656 1051 719 in'
1066 657 1164 720 rebus
1179 673 1264 736 quae
1279 673 1335 738 ep·

267 770 425 844 parent-e
445 764 550 833 latere
577 765 712 828 maioris
741 766 1000 846 magnitudinis,
1021 773 1060 835 ¹et
1080 772 1239 847 putantur
1260 784 1333 841 esse
1374 821 1381 835 .

269 875 430 966 minores,
453 876 541 938 etin
564 874 617 937 his
639 893 723 955 quae
745 883 903 956 apparent
917 894 995 940 cum
1011 877 1177 959 coloribus
1192 878 1335 958 splendiv

268 986 418 1053 diorihue
440 1002 486 1060 se,
509 993 541 1049 et
556 992 714 1067 putantur
729 1003 801 1051 esse
816 987 1150 1068 minusspleudidae:
1168 988 1258 1068 quod
1271 989 1334 1052 uti·

269 1108 335 1176 qu'e
350 1095 388 1165 fit
403 1115 441 1159 ex
454 1096 582 1160 deiectu
600 1097 884 1173 considerationis,
899 1114 981 1161 cum·
992 1097 1095 1163 altera
1110 1099 1210 1163 fuerit
1226 1099 1336 1163 minor

269 1205 373 1271 altera
393 1214 591 1288 superante,
611 1209 804 1271 secundum-
816 1208 1334 1290 comprehensionempropriam

268 1318 379 1392 rebus,
401 1334 485 1398 quae
501 1318 634 1383 eh‘eliis
645 1325 855 1398 superantur,
871 1320 1140 1400 quandononiit
1152 1319 1335 1403 proportio·

266 1427 400 1504 pelicem
413 1428 476 1497 hoo
486 1429 575 1493 enim
588 1429 728 1511 pertinet
739 1430 894 1495 omnihus
903 1419 1334 1512 sessiona'uomprehensio

269 1540 360 1605 enim
384 1540 583 1620 quandoque
605 1540 768 1605 minuitur
783 1547 820 1605 et
829 1541 1027 1622 quaudoque
1041 1529 1180 1624 augetur
1194 1542 1336 1624 perfecte

268 1657 336 1713 iam
352 1650 477 1715 inrisu
499 1668 598 1731 quem
620 1652 656 1715 in
678 1653 827 1726 odoratu,
845 1659 878 1716 et
894 1651 931 1717 iu
947 1653 1101 1733 his-quae
1116 1659 1290 1734 gustantur
1304 1660 1337 1717 et

266 1763 302 1828 in
324 1779 428 1840 soum
448 1762 637 1826 sentiuntur
659 1763 748 1826 enim
770 1761 807 1824 in
830 1763 945 1827 eodem
967 1769 1116 1846 tempore
1138 1763 1203 1829 elia
1223 1765 1335 1846 potius

268 1890 370 1952 quam
380 1872 455 1948 alia,
465 1890 550 1953 quae
562 1879 640 1937 sunt
652 1873 801 1937 musdem
814 1873 954 1955 generis.
965 1873 1031 1939 Nec
1041 1875 1135 1938 decet
1145 1873 1336 1940 huiusmodi

268 1984 448 2076 accidentia
470 1989 597 2047 tantum
619 1983 782 2063 segregari
803 1985 846 2048 ab
866 1984 931 2060 hie,
950 1984 984 2047 iu
1006 1985 1126 2064 quibus
1144 1984 1272 2048 fallitur
1287 1986 1335 2048 vi·

268 2113 337 2170 sus,
353 2095 414 2159 sed
433 2095 531 2159 debet
547 2093 647 2157 etiam
661 2094 734 2157 fieri
747 2093 812 2158 hoc
825 2111 882 2174 per
897 2095 1088 2169 accidentia,
1103 2111 1190 2176 quae
1208 2094 1339 2159 contin-

268 2207 625 2286 pretermisimus
653 2222 766 2269 rerum
795 2205 1028 2281 videndarum,
1057 2223 1231 2287 quousque
1253 2199 1356 2269 flant

269 2316 664 2398 cerasa'appareudirem
685 2314 780 2379 aliter
808 2333 910 2396 qnam
938 2316 1173 2391 rehaberent,
1195 2315 1225 2379 si
1245 2315 1336 2383 visus

269 2434 303 2490 et
323 2445 418 2491 mens
437 2445 507 2490 non
521 2434 640 2491 essent
660 2433 739 2489 tunc
760 2427 797 2489 iu
814 2425 924 2507 aliquo
940 2426 1137 2508 perturbati,
1151 2443 1216 2495 nec
1232 2433 1337 2490 status

270 2554 386 2605 eorum
406 2544 564 2610 mutatus·
584 2538 664 2609 Nam
686 2555 763 2601 cum
785 2537 908 2617 singuli
932 2537 1063 2613 ‚colores
1087 2514 1165 2601 non
1181 2536 1336 2617 ridentur

270 2649 456 2717 secundum
476 2667 571 2713 suem
593 2647 836 2729 proprietatem,
859 2647 1058 2727 sediuerint
1074 2645 1339 2725 commixtilnul·

268 2757 329 2824 lue.
343 2759 463 2839 utique·
477 2759 596 2825 dixerit
616 2757 837 2829 hocexistere
859 2775 897 2823 ex
917 2758 1111 2840 deceptione
1135 2756 1335 2841 consistente
1358 2810 1363 2823 .

269 2868 305 2932 in
323 2869 417 2944 nisu,
437 2871 506 2937 sive
520 2887 566 2943 ex
587 2867 810 2943 multitudine,
832 2868 900 2933 sive
923 2887 964 2933 en
983 2869 1051 2952 situ
1073 2886 1188 2934 eorum
1209 2868 1336 2939 iactum

271 2979 330 3055 sit,
351 2980 510 3059 quoniam
531 2979 693 3060 imagines
715 2977 864 3043 colorum
879 2999 946 3045 non
963 2985 1120 3062 apparent
1136 2976 1221 3043 aliae
1236 2994 1336 3058 quam

270 3090 555 3171 inerantpropter
573 3107 690 3155 casum
708 3089 852 3154 luminis
873 3109 973 3172 super
994 3107 1050 3154 eas
1065 3140 1072 3165 ,
1087 3090 1161 3154 sed
1181 3088 1337 3174 videntur

270 3200 374 3280 magis
396 3207 432 3265 et
443 3202 573 3275 minus,
595 3201 684 3269 siem
702 3218 763 3264 neo
785 3200 847 3264 hac
866 3201 914 3264 de·
932 3218 1030 3263 causa
1046 3199 1173 3281 aliquid
1189 3202 1335 3279 apparet,

271 3329 369 3392 super
390 3313 479 3391 quod
500 3328 569 3377 uon
583 3311 701 3395 incidit
713 3310 840 3380 lumen.
854 3311 946 3375 Luna
959 3329 1038 3376 vero
1050 3311 1151 3393 hahet
1165 3309 1336 3391 proprium

271 3421 434 3512 ociorem,
450 3423 513 3502 {qui
534 3429 670 3502 apparet
690 3423 726 3484 in
749 3421 865 3503 eclipsi
887 3423 958 3485 sine
981 3420 1120 3495 lumine,
1143 3427 1176 3483 et
1191 3437 1264 3485 ⁴uon
1279 3436 1339 3500 ap·

270 3540 362 3612 paret
382 3533 417 3595 iu
440 3531 556 3597 ceteris
575 3532 792 3614 temporibus.
814 3533 901 3597 Haeo
920 3538 1033 3596 autem
1054 3530 1251 3610 ambiguitas
1272 3527 1339 3593 sol-

271 3644 373 3720 vitur,
396 3643 475 3722 quia
495 3641 576 3706 luna
596 3643 632 3705 in
655 3651 802 3725 tempore
824 3641 955 3724 eciipsis
977 3649 1026 3707 est
1040 3643 1090 3705 in:
1104 3643 1249 3723 quadam
1266 3655 1339 3702 um·

269 3755 344 3831 bra,
366 3761 453 3816 terra
474 3754 580 3828 enim,
602 3771 660 3834 per
680 3731 783 3834 quam
802 3755 840 3817 fit
861 3759 1005 3836 tegmen,
1025 3753 1121 3817 valde
1141 3758 1269 3816 remota
1289 3755 1339 3814 est

246 3874 248 3878 ‘
271 3873 348 3931 tunc
370 3885 390 3931 a
410 3866 506 3942 luua3
519 3867 564 3928 in
587 3865 661 3929 aliis
683 3885 761 3932 vero
786 3868 988 3948 temporibus
1014 3866 1096 3948 luna
1117 3871 1167 3929 est
1188 3865 1223 3927 in
1246 3852 1337 3927 tene·

270 3978 354 4054 bris,
371 3980 536 4056 quoniam
563 3957 653 4043 illud
676 3997 734 4059 per
761 3978 851 4058 quod
878 3979 922 4041 fit
938 3985 1086 4058 tegmen,
1100 3975 1267 4051 medietas
1288 3972 1338 4036 vi·

272 4084 391 4167 delicet
408 4090 536 4154 lunaris
557 4091 715 4171 sphaerae
736 4096 786 4155 eet
805 4090 1002 4155 continuum
1015 4087 1077 4163 illi,
1093 4087 1184 4168 quod
1197 4085 1279 4168 inde
1292 4091 1340 4149 te-
