3278 5364
1327 515 1346 579 9

268 636 445 700 corporum
461 620 664 701 superficies,
677 637 762 702 quae
775 623 950 701 contiguae
964 628 1043 684 sunt
1057 622 1238 698 coloribus,
1248 641 1349 705 super

266 746 350 809 quas
379 731 495 794 exinde
524 731 638 794 lumen
661 720 789 794 incidit.
824 732 929 794 Motus
950 739 1063 796 autem
1085 739 1118 796 et
1139 736 1235 812 quies
1257 751 1346 797 com·

266 840 520 920 prehenduntur
533 841 648 920 utique
664 841 956 921 permutationem
970 841 1150 906 cuiuslibet
1164 843 1345 924 praedicto·

266 967 365 1026 rum,
387 956 420 1014 et
440 951 661 1031 privationem
682 950 886 1016 mutationis.
923 951 1054 1017 Colores
1078 953 1212 1034 quidem
1235 953 1344 1033 splen·

267 1061 363 1124 didos
384 1061 553 1141 cognoscit
573 1061 664 1124 visus
684 1061 899 1142 simpliciter3
933 1069 1041 1126 cetera
1062 1082 1139 1127 vero
1160 1081 1221 1144 per
1241 1064 1344 1139 istos,

268 1188 335 1233 non
350 1172 533 1234 secundum
550 1171 640 1253 quod
655 1170 793 1246 colores,
805 1171 865 1236 sed
879 1173 1065 1235 secundum
1080 1173 1171 1252 quod
1185 1174 1345 1237 terminos

266 1280 392 1344 habent
413 1287 562 1358 tantum;
593 1280 717 1361 figuras
739 1281 829 1345 enim
852 1289 886 1346 et
906 1282 1155 1362 magnitudines
1177 1285 1345 1363 cognoscit

264 1408 324 1470 per
344 1390 506 1454 terminos
527 1391 576 1454 rei
597 1389 777 1469 coloratae3
801 1392 901 1454 situm
923 1376 1035 1456 autem
1057 1409 1116 1473 per
1130 1377 1342 1456 locumeius.

264 1500 437 1580 Cognoscit
457 1502 557 1564 etiam
579 1501 734 1582 ipsorum·
753 1500 904 1564 colorum
925 1509 1054 1565 motum
1071 1509 1106 1567 et
1124 1502 1270 1581 quietem
1285 1517 1344 1583 per

263 1611 464 1675 mutationes
487 1628 615 1687 eorum,
638 1618 670 1674 et
685 1610 906 1692 privationem
921 1612 1124 1676 mutationis.
1140 1612 1249 1679 lictus
1264 1629 1344 1694 quo·

260 1737 326 1800 qne
347 1726 381 1784 et
402 1722 496 1802 quies
518 1721 749 1802 figurarum-et
763 1721 1033 1802 magnitudinum
1048 1730 1082 1786 ct
1097 1721 1273 1803 positionis
1287 1723 1339 1786 di·

260 1836 470 1912 gnoscuntur
489 1850 549 1914 per
569 1840 697 1896 motum
720 1839 753 1896 et
773 1832 921 1913 quietem
944 1833 1164 1896 terminorum
1185 1834 1236 1896 rei
1257 1831 1343 1896 colo·

263 1944 356 2007 ratae
365 1950 401 2006 et
412 1942 563 2006 locorum
577 1943 661 2006 eius.
675 1945 738 2006 Res
754 1944 844 2007 enim
859 1960 961 2022 quae,
976 1943 1067 2006 verbi
1082 1943 1196 2023 gratia,
1210 1927 1356 2006 ridetur*

262 2051 352 2127 alba,
368 2071 436 2117 non
451 2053 566 2134 utique
580 2052 710 2116 videtur
726 2053 869 2116 rotunda
883 2051 935 2116 vel
950 2070 1060 2134 parva,
1073 2052 1126 2116 vel
1140 2052 1340 2134 propinqua,

263 2168 327 2226 aut>
341 2161 470 2226 stabilis
491 2169 623 2243 propter
644 2162 835 2226 albedinem
857 2163 946 2237 eius,
969 2162 1249 2242 quemadmodum
1271 2181 1339 2232 non

261 2273 425 2353 reperitur
451 2271 623 2336 diversitas
652 2273 806 2354 repulsae
834 2272 904 2348 rei,
938 2288 1039 2352 mam
1067 2289 1190 2335 manus
1217 2273 1339 2347 sentit,
1423 2346 1426 2351 ¹

258 2389 394 2463 propter
411 2383 571 2446 duritiam
592 2382 685 2457 eins,
706 2383 810 2445 immo
834 2382 1072 2462 dignoscuntur
1092 2381 1176 2445 baec
1198 2372 1256 2445 aut
1269 2398 1338 2461 per

261 2489 443 2558 terminum
465 2492 543 2568 albi,
564 2500 622 2557 aut
642 2510 702 2574 per
722 2493 904 2556 terminum
926 2491 1014 2566 duri,
1035 2491 1134 2555 cuius
1147 2491 1204 2555 bic
1219 2497 1270 2555 est
1285 2491 1341 2554 ba·

261 2604 367 2681 bitus,
388 2605 443 2669 vel
464 2604 547 2668 haec
569 2611 620 2668 est
637 2603 710 2668 eius
725 2602 920 2684 magnitudo
935 2601 1121 2666 secundum
1135 2602 1341 2665 constitutio

260 2716 342 2778 nem
359 2731 469 2794 suam3
493 2721 527 2780 et
547 2714 610 2778 bac
628 2714 672 2778 de
692 2730 796 2777 causa
816 2711 988 2794 cognoscit
1000 2729 1122 2776 manus
1138 2709 1340 2775 differentias

260 2824 469 2904 repulsarum
491 2841 616 2901 rerum,
638 2841 721 2904 quas
741 2823 854 2898 sentit,
877 2829 910 2886 et
932 2821 1049 2886 oculus
1063 2821 1269 2887 differentias
1283 2837 1340 2884 oo·

261 2918 372 2998 lorum
390 2935 579 3015 secundum
600 2935 690 3016 ipsos
712 2934 785 2997 sine
807 2932 912 2997 altero
934 2932 1132 2995 mediante
1166 3002 1170 3010 ,

293 3042 440 3108 ¹Habitus
456 3050 567 3109 autem
582 3043 793 3124 reliquorum
806 3060 876 3106 non
887 3039 1092 3122 dignoscitur
1103 3040 1170 3103 nisi
1184 3036 1246 3120 per
1256 3040 1348 3103 hacc·

260 3153 344 3229 duo,
366 3154 526 3234 quoniam
547 3170 615 3217 non
640 3151 979 3233 comprehenduntur,
1000 3149 1067 3213 nisi
1090 3166 1151 3230 per
1163 3166 1236 3213 rem
1253 3165 1338 3229 quse

259 3263 360 3329 aliam
375 3265 539 3346 sequitur-3
554 3262 695 3326 scientia
709 3262 800 3325 enim
815 3278 934 3324 eorum
948 3277 1003 3323 res
1015 3265 1064 3323 est
1074 3275 1220 3339 sequens
1231 3258 1352 3322 scien·

259 3375 339 3438 tiam
362 3373 592 3448 sensibilium,
612 3390 699 3456 quae
714 3370 847 3453 propria
862 3376 911 3435 est
925 3370 1091 3437 sensibus.
1108 3369 1246 3448 Figurae
1264 3367 1338 3446 qui-

259 3486 335 3550 dem
357 3491 391 3550 et
412 3483 659 3565 magnitudines
680 3482 924 3563 dignoscuntur
944 3497 1004 3562 per
1024 3479 1197 3555 terminos,
1212 3477 1339 3557 etquis

257 3602 337 3659 sunt
357 3611 411 3659 res
432 3593 672 3675 inseparabiles
687 3610 707 3656 a
723 3592 934 3674 corporibus3
948 3591 1163 3679 situsautern
1178 3595 1214 3653 et
1225 3593 1337 3652 motus
1375 3592 1380 3601 '

257 3712 291 3770 et
311 3705 418 3786 quies,
440 3706 522 3785 quia
543 3710 621 3769 sunt
642 3720 696 3767 res
711 3700 914 3783 separabiles
928 3707 963 3764 et
976 3703 1195 3764 continentes.
1210 3698 1280 3772 Oua
1293 3696 1335 3760 de

258 3833 360 3880 causa·
372 3815 507 3897 quando
518 3814 686 3896 aperimus
698 3811 815 3877 oculos
826 3811 863 3874 in
877 3829 952 3875 aere
962 3810 1095 3875 sincero
1110 3807 1336 3875 circumdante

258 3924 328 4002 nos,
343 3923 693 4006 ignoramusflgurem
709 3922 797 3987 aeris
811 3921 910 3985 nobis
923 3919 1114 4002 propinqui,
1129 3935 1231 3998 quem
1245 3933 1336 3982 ccm-
1404 3938 1406 3942 ·

256 4036 432 4116 prehendit
451 4033 601 4118 pyramis
622 4031 782 4107 risibilis,
804 4031 885 4113 qnia
905 4029 1118 4113 superducens
1136 4027 1228 4094 color
1240 4026 1336 4094 valde
