3278 5364
1228 513 1231 518 ·
1294 504 1333 565 77

258 612 368 692 sitque
390 610 543 684 destitit,
566 616 598 672 et
623 609 860 689 protrahantur
881 629 901 672 a
922 610 1053 690 punctis
1068 612 1103 685 d,
1117 628 1146 684 e,
1160 629 1179 672 z
1193 630 1333 692 perpen-

259 721 425 785 diculares
445 723 512 802 dp,
533 738 600 794 em,
620 722 657 798 fa
678 736 777 800 super
802 737 895 782 axem
917 720 971 799 ὁρ,
994 726 1026 783 et
1046 719 1272 799 producantur
1293 710 1336 784 ad

260 832 362 895 aliam
381 836 531 913 partem,
554 845 728 910 quousque
750 829 932 907 iungantur
953 846 1031 890 cum
1052 829 1183 908 punctis
1206 831 1243 904 b,
1260 829 1336 905 tdr,

260 948 294 1005 et
315 938 557 1004 transferantur
576 945 664 1001 recte
687 944 720 1001 et
741 937 906 1000 dividatur
921 955 1141 1018 unaquaeque
1156 939 1196 1001 de
1211 941 1265 1012 dl,
1278 938 1335 1015 be,

261 1052 349 1113 sicut
368 1068 415 1130 qp
437 1055 471 1111 et
492 1065 713 1128 unaquaeque
731 1047 771 1109 de
786 1049 850 1121 brt,
864 1065 907 1108 ar
921 1045 1008 1109 sieut
1020 1050 1058 1125 [a
1076 1054 1109 1111 et
1122 1058 1156 1110 st
1171 1048 1257 1111 sieut
1270 1066 1334 1110 em.

259 1160 356 1224 Visus
378 1175 455 1238 ergo
476 1177 497 1221 a
517 1157 641 1220 videbit
661 1159 683 1219 d
702 1157 839 1236 quidem
865 1173 965 1237 super
987 1158 1014 1232 l‚·
1035 1156 1055 1218 lc
1075 1175 1154 1220 vero
1183 1175 1282 1238 super
1305 1177 1338 1232 c,

262 1269 295 1329 et
314 1284 330 1330 e
351 1283 452 1346 super
471 1258 520 1341 vt,
543 1273 576 1327 et
597 1274 608 1326 t
629 1281 730 1345 super
750 1283 779 1339 s,
803 1271 836 1327 et
856 1283 875 1325 z
897 1281 998 1344 super
1017 1283 1052 1339 r,
1075 1272 1107 1327 st
1131 1266 1153 1327 lt
1178 1282 1279 1345 super
1302 1268 1337 1327 ri.

263 1373 473 1438 Manifestum
495 1380 544 1441 est
565 1392 642 1453 ergo
656 1366 775 1453 ,quod
796 1372 887 1435 linea
908 1391 1052 1437 concava
1072 1381 1160 1449 tota,
1182 1392 1267 1455 quae
1289 1381 1341 1438 est

265 1501 365 1564 super
390 1482 549 1559 dezbtlc,
576 1482 746 1545 videbitur·
768 1499 867 1563 super
887 1481 1012 1545 lineam
1033 1499 1233 1562 concavam,
1254 1501 1341 1564 quae

264 1592 383 1657 transit
402 1610 462 1673 per
474 1597 617 1675 punctos
631 1594 783 1656 tmrnse.
799 1592 925 1655 Accidit
941 1599 1052 1656 autem
1066 1592 1102 1655 in
1117 1592 1216 1657 lineis
1231 1593 1342 1657 curvis

265 1701 377 1766 simile
399 1703 431 1765 ei
453 1701 542 1782 quod
565 1701 718 1764 diximus.

309 1812 578 1875 Demonstratum
601 1820 651 1875 est
671 1829 763 1891 ergo,
784 1812 875 1891 quod
896 1810 982 1873 illud
997 1813 1179 1892 quodcum
1193 1811 1341 1890 utrisque

265 1920 372 1985 oculis
401 1920 460 1983 tali
487 1922 586 1984 modo
614 1921 761 1996 videtur,
791 1920 888 1983 debet
914 1920 1019 1983 videri
1040 1921 1075 1989 in
1098 1921 1228 1984 duobus
1254 1919 1339 1984 locis

269 2031 337 2094 sive
361 2030 553 2111 disgregatis
575 2029 644 2093 sive
667 2029 869 2105 coniunctis,
892 2047 969 2092 cum
986 2030 1211 2111 aspexerimus
1225 2048 1343 2093 secun·

270 2141 351 2203 dum
379 2141 621 2220 oppositionem
651 2140 694 2202 ad
719 2140 869 2201 eamdem
894 2145 1023 2219 partem
1044 2140 1117 2202 sine
1139 2139 1252 2219 aliquo
1273 2139 1342 2203 lae-

269 2251 367 2313 dente
388 2256 569 2331 aspectum.
591 2249 714 2312 Natura
735 2247 827 2311 enim
844 2246 1071 2311 sensibilitatis
1089 2265 1166 2311 cum
1184 2249 1258 2312 eius
1271 2266 1343 2312 mo·

272 2367 328 2423 tus
349 2359 392 2421 ad
412 2358 583 2421 universas
611 2364 719 2437 partes
748 2357 850 2419 nimis
873 2364 988 2420 acutus
1008 2357 1074 2432 sit,
1095 2356 1238 2420 volvitur
1258 2359 1346 2423 circa

270 2476 375 2532 totam
404 2467 694 2548 magnitudinem,
727 2473 760 2530 et
780 2467 893 2539 ¹utitur
925 2451 1159 2529 coniunctione
1192 2473 1346 2530 utrorum

270 2578 382 2642 axium
409 2578 445 2639 in
473 2576 567 2639 valde
596 2575 727 2638 modico
759 2582 928 2657 tempore,
958 2593 1036 2639 cum
1063 2573 1261 2650 velocitate,
1290 2577 1345 2640 cui

271 2687 367 2751 nulla
388 2694 438 2751 est
457 2684 593 2764 similis3
615 2694 647 2749 et
667 2685 754 2749 sicut
781 2686 820 2756 iit
846 2685 883 2746 in
910 2684 1207 2765 comprehensione
1233 2704 1348 2750 rerum

271 2804 474 2862 remotarum
495 2797 532 2859 in
553 2795 736 2875 aperitione
755 2794 945 2869 oculorum,
961 2795 1007 2857 ita
1023 2795 1062 2858 tit
1074 2795 1174 2857 etiam
1188 2795 1349 2860 velociter

272 2908 307 2970 in
329 2905 531 2969 revolutione
552 2905 645 2967 visus
659 2923 718 2985 per
734 2922 869 2967 omnem
891 2903 1157 2984 magnitudinem
1169 2903 1352 2968 videndam

273 3032 350 3078 cum
371 3012 588 3077 translatione
610 3013 751 3076 duorum
774 3013 885 3076 axium
900 3015 943 3075 ad
957 3011 1069 3093 plures
1085 3019 1193 3093 partes
1208 3014 1258 3075 rei
1273 3014 1351 3077 sub·

274 3126 396 3199 iactae,
417 3140 591 3204 quousque
613 3141 730 3185 sensus
751 3123 796 3185 sit
817 3128 976 3185 cumtoto
992 3131 1116 3185 etcum
1135 3123 1285 3203 partibus
1299 3123 1351 3184 in·

276 3234 387 3298 simul.
409 3234 521 3297 Partes
547 3250 627 3297 vero
664 3276 1351 3297 .................
1362 3244 1370 3258 ·

279 3454 341 3516 erit
362 3453 542 3526 distantiis,
563 3469 603 3514 eo
625 3453 715 3532 quod
737 3450 889 3515 debilitas
911 3467 1072 3515 sensuum
1094 3449 1169 3531 plus
1191 3449 1229 3512 fit
1250 3467 1354 3531 penes

281 3563 561 3627 coniunctionem.

322 3672 556 3735 Universaliter
582 3673 673 3735 enim
702 3690 779 3736 cum
806 3669 949 3734 visibilis
977 3669 1105 3745 radius,
1121 3669 1255 3748 quando
1269 3668 1355 3731 cadit

281 3799 461 3863 supervos
489 3781 649 3845 videndas
676 3781 773 3845 aliter
801 3798 903 3861 quam
929 3779 1019 3844 inest
1048 3781 1080 3842 ei
1107 3781 1148 3842 de
1176 3783 1295 3842 natura
1322 3784 1355 3839 et

284 3892 548 3967 consuetudine,
577 3868 690 3954 minus
719 3890 820 3954 sentit
842 3907 958 3953 omnes
980 3888 1187 3952 diversitates
1211 3904 1297 3967 quae
1319 3885 1355 3947 in

283 4001 329 4064 eis
352 4009 447 4076 suut,
471 4001 624 4066 similiter
642 4001 742 4066 etiam
765 4001 827 4066 erit
849 3996 1054 4065 sensibilitas
1075 3997 1147 4062 eius
1171 3997 1210 4060 de
1229 3996 1355 4060 distan-
