3278 5364
322 539 383 607 idi

321 653 419 728 visui,
433 671 572 734 quorum
591 672 696 717 unum
712 654 831 719 habeat
845 672 905 719 con
912 655 1074 719 liuentem
1088 654 1296 735 superficiem
1312 661 1394 720 tam·

321 781 420 844 quam
444 764 584 843 figuram
613 764 687 827 cubi
709 770 747 827 ut
768 764 840 837 illa,
863 766 897 831 ln
919 782 985 844 qua
1010 766 1266 846 superscriptum
1287 772 1341 832 est
1360 785 1393 842 ot

320 875 502 941 secundum
523 893 602 939 vero
631 874 751 943 habeat
779 876 918 954 liguram
940 874 1097 956 cylindri,
1125 884 1162 938 ut
1188 874 1246 941 illa
1269 876 1304 941 in
1329 894 1395 957 qua

321 985 576 1066 superscriptum
593 992 642 1049 est
663 987 697 1061 ις
718 987 850 1049 tertium
866 1004 943 1053 vero
958 985 1078 1053 habeat
1092 987 1238 1067 undique
1255 985 1394 1066 tigrrram

320 1096 396 1160 cubi
417 1103 546 1175 praeter
565 1096 603 1158 in
623 1115 691 1161 uno
708 1096 829 1170 latere,
844 1095 902 1161 illo
924 1096 1077 1163 videlieet
1098 1097 1186 1177 quod
1208 1097 1271 1165 erit
1292 1115 1393 1178 oppo·

322 1205 422 1271 situm
451 1206 550 1280 visui,
573 1205 656 1269 illud
679 1215 787 1271 sertem
815 1208 858 1271 sit
884 1224 1062 1271 concavum
1093 1207 1276 1273 seeundum
1307 1206 1394 1286 agu-

322 1335 392 1381 ram
414 1316 571 1397 cylindri,
593 1324 626 1379 et
647 1317 690 1379 sit
708 1317 913 1396 profunditas
940 1318 1011 1381 eius
1041 1325 1208 1397 tamquam
1234 1318 1397 1385 medians

320 1425 478 1507 sphaerae
498 1428 583 1491 siout
605 1429 727 1508 figura,
749 1429 783 1491 in
808 1445 872 1507 qua
894 1429 1052 1508 scriptum
1074 1437 1123 1495 ast
1142 1447 1171 1506 p.

362 1537 442 1607 dum
474 1538 573 1618 igitur
601 1537 806 1603 voluerimus
836 1538 957 1601 habere
990 1539 1110 1603 immas
1144 1537 1394 1619 particularium

320 1666 451 1723 rorum,
483 1649 642 1713 debemus
672 1648 782 1729 prius.
816 1649 1062 1717 considerantes
1083 1649 1123 1713 de
1147 1648 1395 1717 diversitatibus

320 1759 498 1823 formarum
522 1777 597 1825 cum
622 1759 812 1840 superficies
839 1777 922 1839 quae
949 1759 1120 1840 distinguit
1146 1759 1212 1827 duo
1232 1777 1394 1841 corporo,

321 1869 418 1933 fuerit
439 1869 553 1950 plana,
574 1870 700 1951 replere
722 1889 778 1933 vas
800 1871 883 1934 cubo
907 1869 1016 1933 simile
1040 1888 1123 1950 aqua
1145 1869 1342 1951 purissima.
1363 1878 1395 1935 et

321 1998 443 2062 ponere
469 1956 638 2045 visum-in
666 1982 873 2062 oppositione
903 1980 1042 2045 alicuius
1073 1981 1212 2049 latarum
1241 1982 1339 2055 eius,
1363 1987 1395 2043 et

320 2090 499 2159 immittere
523 2091 556 2153 in
579 2091 836 2171 profunditatem
861 2092 931 2155 eius
954 2090 1101 2171 regulam
1129 2091 1319 2155 moderatae
1341 2089 1393 2157 ta-

321 2200 484 2275 titudnis,
506 2219 590 2281 quae
611 2201 655 2263 sit
678 2208 784 2265 erecta
806 2202 847 2265 ad
870 2200 1023 2282 aequales
1038 2200 1191 2283 angulos,
1203 2200 1392 2277 puina-lon·

321 2310 478 2389 gitudinis
493 2330 568 2393 pars
583 2312 624 2373 sit
638 2329 735 2392 supra
751 2330 855 2391 aquae
869 2312 1085 2392 superficiem.
1102 2312 1180 2375 Cum
1194 2329 1271 2391 crgo
1284 2329 1393 2379 erexe-

320 2420 423 2483 rimus
440 2421 487 2484 iti
506 2421 650 2501 regulam
668 2422 707 2485 ad
723 2429 830 2485 rectos
845 2421 995 2501 angulos,
1013 2422 1075 2485 erit
1089 2423 1195 2485 forma
1209 2422 1393 2502 procedens

320 2531 501 2599 secundum
528 2532 757 2595 rectitudinem
780 2533 887 2612 partis
916 2531 1073 2612 regulae,
1103 2549 1189 2611 quae
1218 2540 1268 2595 est
1295 2548 1394 2613 supra

321 2659 456 2722 aquam,
479 2649 588 2707 teman
610 2642 779 2722 apparebit
799 2643 1015 2723 propinquior
1036 2651 1068 2705 et
1089 2642 1196 2707 maior
1217 2660 1320 2722 quam
1341 2659 1392 2707 roe

320 2769 408 2826 vera,
432 2759 465 2815 et
485 2752 619 2817 habehit
640 2751 785 2819 similem
807 2752 856 2817 illi
880 2753 1029 2833 figuram.
1414 2832 1417 2839 Ι

364 2862 452 2935 Quod
469 2871 579 2926 autem
595 2862 722 2943 singula
737 2863 873 2926 istorum
891 2863 936 2927 ita
949 2864 1071 2926 debent
1084 2863 1168 2937 fleri,
1182 2862 1391 2942 dignoscam

320 2972 502 3039 secundum
525 2973 611 3052 quod
635 2974 889 3052 exposuerimus.
919 2976 991 3037 Esto
1015 2973 1182 3039 distinctio
1204 2973 1390 3043 communis

320 3083 504 3164 superficiei
533 3101 638 3164 aquae
667 3092 699 3147 et
728 3085 935 3165 superficiei,
962 3085 1002 3147 de
1024 3102 1090 3164 qua
1111 3083 1147 3147 tlt
1168 3082 1265 3149 flexio
1286 3083 1390 3156 radii.

320 3192 410 3257 linea
431 3195 499 3274 obp
529 3194 596 3273 (Μ.
620 3195 681 3269 95)
711 3205 818 3268 recta,
842 3204 874 3259 et
894 3196 982 3259 visus
1005 3195 1049 3261 sit
1070 3197 1110 3270 d,
1132 3201 1163 3257 et
1184 3193 1390 3275 protrahatur

319 3304 429 3367 radius
448 3306 505 3382 dl,
526 3313 558 3369 et
575 3314 717 3371 nauseat
730 3324 788 3387 per
803 3307 991 3386 punctumb
1010 3304 1291 3386 perpendicularis
1304 3306 1390 3381 zita,

320 3423 352 3479 et
368 3413 523 3483 {lectatur
547 3417 590 3481 dt
616 3418 656 3479 ad
682 3424 806 3498 partem
828 3416 1104 3497 perpendicularis
1120 3433 1217 3496 super
1232 3416 1285 3490 tt,
1300 3417 1389 3487 ¹sicut

319 3527 439 3595 accidit
468 3546 543 3592 cum
572 3529 661 3591 visus
689 3528 787 3593 luerit
814 3529 849 3591 in
878 3525 1043 3595 enuntiari
1071 3544 1225 3608 corpore,
1254 3534 1288 3590 et
1314 3544 1388 3608 pro·

321 3635 466 3703 trahatur
495 3657 514 3702 a
544 3647 664 3720 puncto
688 3648 699 3700 t
728 3637 1005 3719 perpendicularis
1037 3637 1167 3716 adop,
1192 3633 1296 3705 et'oit
1322 3637 1397 3731 ιιειἱ

320 3747 487 3813 videbitur
514 3767 591 3829 ergo
618 3767 672 3813 res
698 3766 781 3828 quae
807 3755 856 3815 est
882 3766 981 3829 super
1005 3752 1162 3829 punctum
1189 3757 1201 3811 t
1227 3748 1263 3809 in
1288 3749 1330 3823 le,
1358 3755 1389 3813 et
1455 3824 1458 3832 Ι

320 3859 397 3937 quia
419 3857 526 3923 lineae
548 3861 605 3935 db,
625 3862 660 3922 bt
681 3859 816 3927 insimul
838 3859 979 3924 maiores
994 3865 1071 3922 sunt
1084 3876 1184 3940 quam
1199 3858 1290 3927 linea
1304 3858 1391 3933 ddi..

320 3969 458 4051 angulus
481 3971 571 4035 enim
595 3972 653 4033 itt
675 3978 727 4035 est
748 3971 904 4044 obtusus,
932 3970 993 4035 orit
1018 3969 1173 4035 distantia
1193 3969 1319 4039 iormae
1341 3969 1386 4037 rei

318 4078 478 4149 udandae
500 4083 612 4147 minor
630 4101 729 4163 quam
746 4082 902 4151 osanna
916 4098 1010 4147 seraa
1027 4079 1094 4159 τοις
1115 4086 1148 4147 ot
1168 4097 1244 4147 cum
1267 4089 1386 4163 prom·
