3278 5364
327 548 388 611 tte

326 680 402 740 ergo
425 661 515 741 quod
536 677 602 721 non
627 659 665 721 tit
686 660 772 721 inter
793 676 850 722 eos
865 659 1081 722 reverberatio
1096 678 1116 723 a
1130 660 1398 725 circumferentia

325 772 393 848 atq
423 771 463 833 ad
492 769 647 850 aequales
677 769 836 849 anguloe3
865 777 896 833 et
919 770 1131 832 manifestum
1154 778 1203 833 eat
1224 772 1317 852 quod
1338 788 1398 833 nec

323 881 545 943 reverberatio
567 880 605 941 ιιι
627 898 646 942 a
668 879 934 945 circumferentia
951 882 1004 960 bp,
1027 899 1067 944 eo
1085 882 1176 961 quod
1189 882 1397 962 impossibile

325 998 375 1054 est
402 991 511 1054 radios
540 992 627 1052 inter
654 1008 711 1053 eos
739 991 895 1055 retractes
925 994 1095 1056 continere
1121 1000 1286 1075 punctum
1315 993 1352 1070 b,·
1380 1010 1398 1055 a

324 1102 593 1164 circumferentia
615 1101 713 1163 etiam
731 1103 774 1164 ab
796 1102 1011 1164 manifestum
1033 1109 1171 1165 estnon
1194 1120 1292 1185 pesae
1313 1105 1399 1167 inter

324 1230 382 1274 eos
410 1212 710 1274 reverberationem
731 1211 802 1273 fieri
825 1213 866 1274 ad
887 1212 1043 1291 aequales
1064 1212 1224 1293 angulum
1252 1214 1282 1276 ai
1307 1215 1396 1279 enim

322 1328 433 1402 posset
453 1322 590 1401 refringi
611 1327 649 1382 ut
663 1340 722 1393 oa,
739 1337 791 1396 ze,
810 1327 899 1385 esset
912 1322 1029 1402 utique
1046 1323 1314 1387 circumferentia
1327 1324 1397 1404 bqr

323 1433 409 1495 sicut
431 1431 777 1505 circumferentiam,
800 1432 890 1510 quod
907 1433 1028 1495 falsum
1041 1439 1106 1509 eet3
1128 1432 1397 1513 circumferentia

324 1544 413 1606 enim
436 1545 508 1621 ιρι
528 1542 634 1605 multo
655 1543 765 1605 maior
778 1550 829 1605 eet
842 1560 944 1622 quam
966 1543 1305 1621 circumferentiam,
1320 1560 1394 1609 cunr

309 1656 606 1718 circumferentiae
621 1655 678 1731 ab,
693 1655 734 1735 tq
756 1655 823 1717 aint
844 1654 1011 1733 aequales.
1033 1654 1196 1719 Similiter
1209 1655 1313 1718 etiam
1328 1672 1396 1720 ma·

231 1810 235 1816 -
323 1767 482 1829 niteatum
503 1784 572 1830 non
594 1784 692 1847 ponae
710 1765 783 1828 fleri
802 1765 1201 1842 reverberationem,cum
1214 1766 1301 1830 alter
1313 1784 1395 1847 puu-

322 1887 450 1942 ctorum
478 1878 579 1940 fuerit
606 1879 694 1940 inira
720 1877 884 1940 circulum
914 1894 1014 1957 super
1040 1876 1166 1940 lineam
1186 1890 1231 1955 op
1260 1882 1295 1939 et
1309 1876 1397 1940 ¹alter

321 1989 355 2050 in
380 2006 409 2066 a,
438 1996 495 2052 aut
523 1988 625 2051 fuerit
651 1988 733 2052 alter
760 1994 961 2069 punctorum
991 1988 1025 2050 in
1047 1987 1397 2064 a,etalterir1tere

322 2112 354 2164 et
380 2120 411 2176 e,·
439 2107 496 2164 aut
523 2101 623 2164 fuerit
652 2100 734 2163 alter
762 2116 880 2163 eorum
913 2107 1003 2164 extra
1029 2099 1215 2174 circulum,
1250 2106 1285 2164 et
1312 2100 1395 2164 alter

321 2212 550 2276 mmoma

362 2324 487 2385 Rursus
514 2321 739 2386 constituatur
756 2320 902 2384 circulus
925 2320 993 2400 obp
1018 2321 1079 2402 (pp.
1102 2319 1179 2396 63),
1202 2320 1300 2385 cuine
1321 2338 1395 2386 cen·

322 2443 410 2496 trum
433 2437 466 2511 d,
497 2439 530 2496 ιι
557 2432 756 2513 producatur
775 2431 867 2496 linea
887 2452 944 2513 op,
966 2439 999 2495 et
1018 2431 1232 2512 protrahatur
1253 2432 1295 2495 ul
1322 2450 1395 2496 eam

320 2526 604 2627 perpendicularis
625 2545 707 2631 deb,
730 2550 764 2607 ιι
783 2545 826 2607 ait
847 2543 1113 2606 circumferentia
1127 2544 1195 2622 obp
1217 2544 1322 2607 sectio
1336 2544 1394 2607 cir·

320 2656 387 2718 culi
415 2655 514 2736 periti
541 2657 577 2717 in
607 2672 748 2718 concavo
776 2654 933 2735 speculo,
956 2654 1065 2733 aitque
1088 2652 1172 2716 alter
1191 2660 1393 2733 punctorum

320 2769 409 2828 inter
429 2778 448 2827 'a
470 2773 504 2829 et
523 2787 543 2828 z
564 2771 601 2828 ut
622 2771 765 2845 punctus
792 2784 823 2841 e,
851 2770 884 2828 et
909 2763 993 2828 alter
1013 2764 1101 2826 inter
1121 2782 1138 2826 ι
1158 2770 1193 2826 et
1212 2782 1232 2842 9
1253 2770 1294 2825 ut
1316 2780 1393 2844 pun·

321 2883 445 2952 ctns'z,
475 2884 507 2940 et
535 2877 740 2940 describatur
765 2875 910 2938 circulus
932 2875 1098 2938 transiens
1119 2890 1180 2954 per
1200 2880 1343 2954 punctos
1363 2892 1394 2950 a,

320 2990 355 3063 d,
374 3009 404 3060 a,
427 2993 459 3050 et
480 2989 523 3049 sit
543 2989 625 3061 oda,
649 2993 681 3050 ιι
696 3006 763 3050 non
779 2993 868 3050 secet
883 2985 1185 3049 circumferentiam
1201 2986 1258 3064 tp,
1274 2990 1309 3047 et
1323 3000 1394 3064 pro·

320 3098 495 3160 trahantur
515 3097 625 3161 lineae
646 3116 703 3177 op,
721 3099 804 3160 dab.
826 3098 973 3160 Dicimus
996 3114 1090 3176 ergo,
1113 3095 1203 3174 quod
1218 3112 1238 3157 ι
1253 3096 1393 3158 circum·

320 3190 459 3270 ferentia
480 3210 549 3272 able
576 3209 665 3272 inter
686 3214 827 3289 punctos
849 3227 893 3272 aa
914 3225 981 3270 non
1006 3194 1199 3285 refringitur
1218 3204 1336 3268 radius
1356 3204 1395 3268 ad

320 3320 473 3398 aequales
490 3320 644 3399 angulos3
660 3336 679 3381 a
693 3319 958 3383 circumferentia
973 3318 1110 3397 quidem
1123 3317 1165 3378 ob
1179 3316 1395 3397 manifestum

319 3437 457 3492 estnon
480 3430 553 3493 lieri
575 3430 889 3503 reverberationem,
913 3429 1000 3491 sicut
1016 3428 1282 3491 demonstratum
1294 3426 1393 3491 estin

318 3542 525 3621 praecedenti
547 3540 670 3621 figura,
694 3560 731 3605 ex
755 3540 905 3621 eoquod
927 3540 1045 3626 accidit
1065 3539 1106 3601 de
1128 3536 1394 3601 diversitate'cir·

318 3652 621 3714 cumferentierum.
642 3652 852 3715 Manifestum
875 3656 924 3714 eat
946 3655 1058 3714 autem
1080 3664 1190 3728 neque
1212 3658 1239 3710 a¹
1254 3648 1394 3711 circum·

318 3760 459 3826 ferentia
468 3762 516 3842 pt
527 3762 600 3825 fleri
616 3762 926 3836 reverberationem,
939 3776 978 3824 eo
992 3759 1081 3840 quod
1091 3758 1207 3822 radim
1219 3758 1263 3823 ab
1277 3757 1394 3822 eodem

317 3862 392 3938 loco
418 3877 578 3939 refractus
600 3892 669 3938 non
698 3874 880 3937 circumdat
900 3879 1054 3937 centrum
1079 3875 1109 3934 d.
1135 3869 1201 3933 Sed
1222 3888 1316 3933 nunc
1337 3870 1394 3934 ‹le-

316 3993 550 4063 monatremus,
574 3984 663 4066 quod
686 4003 753 4048 non
776 3985 815 4048 iit
835 3983 1057 4049 reverberatio
1074 3980 1393 4055 acircumferentie,

318 4114 403 4180 quae
426 4073 476 4162 eet
490 4096 579 4161 inter
595 4098 625 4173 ι,
641 4098 663 4157 ι
679 4098 720 4160 ad
735 4095 891 4177 aequales
906 4094 1054 4176 angulos.
1071 4093 1104 4157 Si
1119 4092 1221 4173 igitur
1235 4087 1393 4173 possibile
