<?xml version="1.0" encoding="UTF-8"?>
<!DOCTYPE html PUBLIC "-//W3C//DTD XHTML 1.0 Transitional//EN"
    "http://www.w3.org/TR/xhtml1/DTD/xhtml1-transitional.dtd">
<html xmlns="http://www.w3.org/1999/xhtml" xml:lang="en" lang="en">
 <head>
  <title>
</title>
<meta http-equiv="Content-Type" content="text/html;charset=utf-8" />
  <meta name='ocr-system' content='tesseract 3.04.00' />
  <meta name='ocr-capabilities' content='ocr_page ocr_carea ocr_par ocr_line ocrx_word'/>
</head>
<body>
  <div class='ocr_page' id='page_1' title='image "./lotticadiclaudi00eugegoog_0109.png"; bbox 0 0 3278 5364; ppageno 0'>
   <div class='ocr_carea' id='block_1_1' title="bbox 345 571 1438 2632">
    <p class='ocr_par' dir='ltr' id='par_1_1' title="bbox 348 571 388 632">
     <span class='ocr_line' id='line_1_1' title="bbox 348 571 388 632; baseline 0 0"><span class='ocrx_word' id='word_1_1' title='bbox 348 571 388 632; x_wconf 77' lang='lat'>52</span> 
     </span>
    </p>

    <p class='ocr_par' dir='ltr' id='par_1_2' title="bbox 345 681 1438 2194">
     <span class='ocr_line' id='line_1_2' title="bbox 346 681 1406 764; baseline 0.003 -20"><span class='ocrx_word' id='word_1_2' title='bbox 346 681 495 745; x_wconf 87' lang='lat' dir='ltr'>videntur</span> <span class='ocrx_word' id='word_1_3' title='bbox 514 681 718 755; x_wconf 80' lang='lat' dir='ltr'><strong>remotiores,</strong></span> <span class='ocrx_word' id='word_1_4' title='bbox 739 682 886 761; x_wconf 82' lang='lat' dir='ltr'>quamvis</span> <span class='ocrx_word' id='word_1_5' title='bbox 908 681 1031 745; x_wconf 85' lang='lat' dir='ltr'>tuerint</span> <span class='ocrx_word' id='word_1_6' title='bbox 1051 682 1266 764; x_wconf 81' lang='lat' dir='ltr'>propinquae,</span> <span class='ocrx_word' id='word_1_7' title='bbox 1283 688 1317 747; x_wconf 91' lang='lat' dir='ltr'>et</span> <span class='ocrx_word' id='word_1_8' title='bbox 1330 683 1406 749; x_wconf 92' lang='lat' dir='ltr'>ideo</span> 
     </span>
     <span class='ocr_line' id='line_1_3' title="bbox 345 791 1407 873; baseline 0.005 -21"><span class='ocrx_word' id='word_1_9' title='bbox 345 791 486 872; x_wconf 81' lang='lat' dir='ltr'>pictores</span> <span class='ocrx_word' id='word_1_10' title='bbox 512 792 686 856; x_wconf 87' lang='lat' dir='ltr'>domorum</span> <span class='ocrx_word' id='word_1_11' title='bbox 711 792 918 855; x_wconf 81' lang='lat' dir='ltr'>constituunt</span> <span class='ocrx_word' id='word_1_12' title='bbox 944 791 1069 856; x_wconf 83' lang='lat' dir='ltr'>colores</span> <span class='ocrx_word' id='word_1_13' title='bbox 1096 810 1225 869; x_wconf 88' lang='lat' dir='ltr'>rerum,</span> <span class='ocrx_word' id='word_1_14' title='bbox 1252 810 1336 873; x_wconf 89' lang='lat' dir='ltr'>quas</span> <span class='ocrx_word' id='word_1_15' title='bbox 1355 808 1407 857; x_wconf 86' lang='lat' dir='ltr'>re·</span> 
     </span>
     <span class='ocr_line' id='line_1_4' title="bbox 346 900 1409 975; baseline 0.004 -13"><span class='ocrx_word' id='word_1_16' title='bbox 346 909 451 965; x_wconf 88' lang='lat' dir='ltr'>motas</span> <span class='ocrx_word' id='word_1_17' title='bbox 479 900 596 964; x_wconf 88' lang='lat' dir='ltr'>volunt</span> <span class='ocrx_word' id='word_1_18' title='bbox 616 900 804 975; x_wconf 81' lang='lat' dir='ltr'>ostendere,</span> <span class='ocrx_word' id='word_1_19' title='bbox 833 918 945 965; x_wconf 87' lang='lat' dir='ltr'>aereos</span> <span class='ocrx_word' id='word_1_20' title='bbox 966 900 1113 966; x_wconf 84' lang='lat' dir='ltr'>latentes.</span> <span class='ocrx_word' id='word_1_21' title='bbox 1141 903 1268 965; x_wconf 78' lang='lat' dir='ltr'>Rursus</span> <span class='ocrx_word' id='word_1_22' title='bbox 1288 918 1368 965; x_wconf 84' lang='lat' dir='ltr'>eum</span> <span class='ocrx_word' id='word_1_23' title='bbox 1388 921 1409 966; x_wconf 92' lang='lat' dir='ltr'>a</span> 
     </span>
     <span class='ocr_line' id='line_1_5' title="bbox 345 1009 1408 1093; baseline 0.002 -20"><span class='ocrx_word' id='word_1_24' title='bbox 345 1009 427 1074; x_wconf 89' lang='lat' dir='ltr'>loois</span> <span class='ocrx_word' id='word_1_25' title='bbox 456 1010 654 1074; x_wconf 82' lang='lat' dir='ltr'>sublimibus</span> <span class='ocrx_word' id='word_1_26' title='bbox 684 1010 726 1073; x_wconf 88' lang='lat' dir='ltr'>ad</span> <span class='ocrx_word' id='word_1_27' title='bbox 755 1010 901 1092; x_wconf 89' lang='lat' dir='ltr'>aliquam</span> <span class='ocrx_word' id='word_1_28' title='bbox 929 1018 1057 1093; x_wconf 87' lang='lat' dir='ltr'>partem</span> <span class='ocrx_word' id='word_1_29' title='bbox 1087 1012 1310 1093; x_wconf 76' lang='lat' dir='ltr'>aspexerimus</span> <span class='ocrx_word' id='word_1_30' title='bbox 1339 1030 1408 1075; x_wconf 92' lang='lat' dir='ltr'>non</span> 
     </span>
     <span class='ocr_line' id='line_1_6' title="bbox 346 1120 1410 1203; baseline 0.001 -20"><span class='ocrx_word' id='word_1_31' title='bbox 346 1120 558 1202; x_wconf 78' lang='lat' dir='ltr'>respicientes</span> <span class='ocrx_word' id='word_1_32' title='bbox 579 1120 734 1197; x_wconf 87' lang='lat' dir='ltr'>inferius,</span> <span class='ocrx_word' id='word_1_33' title='bbox 758 1128 909 1202; x_wconf 88' lang='lat' dir='ltr'>putamus</span> <span class='ocrx_word' id='word_1_34' title='bbox 932 1121 1022 1203; x_wconf 91' lang='lat' dir='ltr'>quod</span> <span class='ocrx_word' id='word_1_35' title='bbox 1043 1128 1145 1198; x_wconf 86' lang='lat' dir='ltr'>terra,</span> <span class='ocrx_word' id='word_1_36' title='bbox 1166 1138 1251 1202; x_wconf 89' lang='lat' dir='ltr'>quae</span> <span class='ocrx_word' id='word_1_37' title='bbox 1271 1121 1368 1187; x_wconf 80' lang='lat' dir='ltr'>valde</span> <span class='ocrx_word' id='word_1_38' title='bbox 1389 1138 1410 1184; x_wconf 94' lang='lat' dir='ltr'>a</span> 
     </span>
     <span class='ocr_line' id='line_1_7' title="bbox 345 1230 1409 1313; baseline 0.001 -20"><span class='ocrx_word' id='word_1_39' title='bbox 345 1231 441 1295; x_wconf 90' lang='lat' dir='ltr'>nobis</span> <span class='ocrx_word' id='word_1_40' title='bbox 466 1237 517 1295; x_wconf 90' lang='lat' dir='ltr'>est</span> <span class='ocrx_word' id='word_1_41' title='bbox 540 1238 682 1307; x_wconf 90' lang='lat' dir='ltr'>remota,</span> <span class='ocrx_word' id='word_1_42' title='bbox 708 1231 750 1295; x_wconf 90' lang='lat' dir='ltr'>sit</span> <span class='ocrx_word' id='word_1_43' title='bbox 774 1231 890 1295; x_wconf 83' lang='lat' dir='ltr'>subtus</span> <span class='ocrx_word' id='word_1_44' title='bbox 919 1248 981 1296; x_wconf 93' lang='lat' dir='ltr'>nos</span> <span class='ocrx_word' id='word_1_45' title='bbox 1002 1232 1117 1313; x_wconf 85' lang='lat' dir='ltr'>posita</span> <span class='ocrx_word' id='word_1_46' title='bbox 1143 1230 1287 1297; x_wconf 76' lang='lat' dir='ltr'>Fallacia</span> <span class='ocrx_word' id='word_1_47' title='bbox 1306 1232 1409 1312; x_wconf 83' lang='lat' dir='ltr'>igitur</span> 
     </span>
     <span class='ocr_line' id='line_1_8' title="bbox 347 1340 1408 1423; baseline 0.002 -20"><span class='ocrx_word' id='word_1_48' title='bbox 347 1341 463 1405; x_wconf 88' lang='lat' dir='ltr'>aooidit</span> <span class='ocrx_word' id='word_1_49' title='bbox 482 1342 519 1405; x_wconf 90' lang='lat' dir='ltr'>in</span> <span class='ocrx_word' id='word_1_50' title='bbox 538 1340 619 1418; x_wconf 89' lang='lat' dir='ltr'>boo,</span> <span class='ocrx_word' id='word_1_51' title='bbox 640 1340 822 1421; x_wconf 90' lang='lat' dir='ltr'>quiaillud</span> <span class='ocrx_word' id='word_1_52' title='bbox 842 1358 901 1423; x_wconf 86' lang='lat' dir='ltr'>per</span> <span class='ocrx_word' id='word_1_53' title='bbox 927 1342 1017 1420; x_wconf 89' lang='lat' dir='ltr'>quod</span> <span class='ocrx_word' id='word_1_54' title='bbox 1038 1342 1169 1405; x_wconf 87' lang='lat' dir='ltr'>deberet</span> <span class='ocrx_word' id='word_1_55' title='bbox 1188 1340 1224 1406; x_wconf 91' lang='lat' dir='ltr'>id</span> <span class='ocrx_word' id='word_1_56' title='bbox 1245 1341 1408 1417; x_wconf 76' lang='lat' dir='ltr'>disserui,</span> 
     </span>
     <span class='ocr_line' id='line_1_9' title="bbox 348 1450 1409 1534; baseline -0.001 -19"><span class='ocrx_word' id='word_1_57' title='bbox 348 1458 396 1515; x_wconf 91' lang='lat' dir='ltr'>est</span> <span class='ocrx_word' id='word_1_58' title='bbox 416 1450 584 1532; x_wconf 88' lang='lat' dir='ltr'>longitudo</span> <span class='ocrx_word' id='word_1_59' title='bbox 604 1452 787 1532; x_wconf 87' lang='lat' dir='ltr'>radiorum;</span> <span class='ocrx_word' id='word_1_60' title='bbox 809 1458 888 1515; x_wconf 86' lang='lat' dir='ltr'>tune</span> <span class='ocrx_word' id='word_1_61' title='bbox 910 1459 1020 1515; x_wconf 92' lang='lat' dir='ltr'>autem</span> <span class='ocrx_word' id='word_1_62' title='bbox 1040 1468 1157 1516; x_wconf 87' lang='lat' dir='ltr'>sensus</span> <span class='ocrx_word' id='word_1_63' title='bbox 1173 1450 1293 1517; x_wconf 85' lang='lat' dir='ltr'>incidit</span> <span class='ocrx_word' id='word_1_64' title='bbox 1309 1468 1409 1534; x_wconf 85' lang='lat' dir='ltr'>super</span> 
     </span>
     <span class='ocr_line' id='line_1_10' title="bbox 345 1559 1438 1643; baseline 0.005 -22"><span class='ocrx_word' id='word_1_65' title='bbox 345 1559 471 1637; x_wconf 90' lang='lat' dir='ltr'>looum,</span> <span class='ocrx_word' id='word_1_66' title='bbox 493 1579 559 1641; x_wconf 93' lang='lat' dir='ltr'>quo</span> <span class='ocrx_word' id='word_1_67' title='bbox 579 1562 650 1643; x_wconf 85' lang='lat' dir='ltr'>ipsa</span> <span class='ocrx_word' id='word_1_68' title='bbox 670 1568 757 1626; x_wconf 88' lang='lat' dir='ltr'>terra</span> <span class='ocrx_word' id='word_1_69' title='bbox 778 1568 843 1637; x_wconf 91' lang='lat' dir='ltr'>est,</span> <span class='ocrx_word' id='word_1_70' title='bbox 866 1568 897 1625; x_wconf 91' lang='lat' dir='ltr'>et</span> <span class='ocrx_word' id='word_1_71' title='bbox 917 1580 985 1625; x_wconf 92' lang='lat' dir='ltr'>non</span> <span class='ocrx_word' id='word_1_72' title='bbox 1008 1561 1073 1642; x_wconf 89' lang='lat' dir='ltr'>agit</span> <span class='ocrx_word' id='word_1_73' title='bbox 1088 1560 1167 1638; x_wconf 90' lang='lat' dir='ltr'>hoe,</span> <span class='ocrx_word' id='word_1_74' title='bbox 1183 1561 1243 1625; x_wconf 92' lang='lat' dir='ltr'>sed</span> <span class='ocrx_word' id='word_1_75' title='bbox 1257 1560 1405 1642; x_wconf 77' lang='lat' dir='ltr'>quiores</span> <span class='ocrx_word' id='word_1_76' title='bbox 1433 1630 1438 1639; x_wconf 69' lang='grc'>,</span> 
     </span>
     <span class='ocr_line' id='line_1_11' title="bbox 347 1670 1408 1753; baseline 0.001 -19"><span class='ocrx_word' id='word_1_77' title='bbox 347 1670 497 1752; x_wconf 86' lang='lat' dir='ltr'>apparuit</span> <span class='ocrx_word' id='word_1_78' title='bbox 516 1688 575 1752; x_wconf 85' lang='lat' dir='ltr'>per</span> <span class='ocrx_word' id='word_1_79' title='bbox 594 1671 775 1735; x_wconf 86' lang='lat' dir='ltr'>visibilium</span> <span class='ocrx_word' id='word_1_80' title='bbox 796 1671 964 1736; x_wconf 87' lang='lat' dir='ltr'>radiorum</span> <span class='ocrx_word' id='word_1_81' title='bbox 987 1670 1187 1745; x_wconf 80' lang='lat' dir='ltr'>interiorem,</span> <span class='ocrx_word' id='word_1_82' title='bbox 1208 1678 1267 1735; x_wconf 85' lang='lat' dir='ltr'>aut</span> <span class='ocrx_word' id='word_1_83' title='bbox 1282 1688 1344 1753; x_wconf 85' lang='lat' dir='ltr'>per</span> <span class='ocrx_word' id='word_1_84' title='bbox 1356 1688 1408 1735; x_wconf 91' lang='lat' dir='ltr'>ra·</span> 
     </span>
     <span class='ocr_line' id='line_1_12' title="bbox 348 1779 1408 1862; baseline 0.002 -20"><span class='ocrx_word' id='word_1_85' title='bbox 348 1780 442 1843; x_wconf 92' lang='lat' dir='ltr'>dium</span> <span class='ocrx_word' id='word_1_86' title='bbox 465 1780 566 1844; x_wconf 89' lang='lat' dir='ltr'>simili</span> <span class='ocrx_word' id='word_1_87' title='bbox 587 1782 686 1845; x_wconf 92' lang='lat' dir='ltr'>modo</span> <span class='ocrx_word' id='word_1_88' title='bbox 708 1779 896 1860; x_wconf 92' lang='lat' dir='ltr'>obliquum,</span> <span class='ocrx_word' id='word_1_89' title='bbox 917 1787 949 1845; x_wconf 92' lang='lat' dir='ltr'>et</span> <span class='ocrx_word' id='word_1_90' title='bbox 970 1798 1010 1845; x_wconf 93' lang='lat' dir='ltr'>ea</span> <span class='ocrx_word' id='word_1_91' title='bbox 1031 1798 1115 1862; x_wconf 89' lang='lat' dir='ltr'>quae</span> <span class='ocrx_word' id='word_1_92' title='bbox 1135 1797 1197 1862; x_wconf 84' lang='lat' dir='ltr'>per</span> <span class='ocrx_word' id='word_1_93' title='bbox 1214 1780 1408 1845; x_wconf 86' lang='lat' dir='ltr'>huiusmodi</span> 
     </span>
     <span class='ocr_line' id='line_1_13' title="bbox 348 1890 1408 1972; baseline 0.001 -18"><span class='ocrx_word' id='word_1_94' title='bbox 348 1892 457 1955; x_wconf 88' lang='lat' dir='ltr'>radios</span> <span class='ocrx_word' id='word_1_95' title='bbox 484 1892 658 1967; x_wconf 87' lang='lat' dir='ltr'>videntur,</span> <span class='ocrx_word' id='word_1_96' title='bbox 686 1891 792 1955; x_wconf 90' lang='lat' dir='ltr'>solent</span> <span class='ocrx_word' id='word_1_97' title='bbox 819 1908 857 1954; x_wconf 83' lang='lat' dir='ltr'>ex</span> <span class='ocrx_word' id='word_1_98' title='bbox 881 1891 1117 1954; x_wconf 79' lang='lat' dir='ltr'>consuetudine</span> <span class='ocrx_word' id='word_1_99' title='bbox 1140 1908 1298 1972; x_wconf 80' lang='lat' dir='ltr'>apparere</span> <span class='ocrx_word' id='word_1_100' title='bbox 1319 1890 1408 1971; x_wconf 86' lang='lat' dir='ltr'>quod</span> 
     </span>
     <span class='ocr_line' id='line_1_14' title="bbox 348 1998 1407 2083; baseline -0.001 -19"><span class='ocrx_word' id='word_1_101' title='bbox 348 2002 415 2066; x_wconf 92' lang='lat' dir='ltr'>sint</span> <span class='ocrx_word' id='word_1_102' title='bbox 437 2002 498 2066; x_wconf 90' lang='lat' dir='ltr'>sub</span> <span class='ocrx_word' id='word_1_103' title='bbox 523 2002 679 2083; x_wconf 87' lang='lat' dir='ltr'>pedibus,</span> <span class='ocrx_word' id='word_1_104' title='bbox 704 2008 736 2064; x_wconf 93' lang='lat' dir='ltr'>et</span> <span class='ocrx_word' id='word_1_105' title='bbox 758 2018 834 2064; x_wconf 88' lang='lat' dir='ltr'>raro</span> <span class='ocrx_word' id='word_1_106' title='bbox 858 2000 976 2064; x_wconf 86' lang='lat' dir='ltr'>aeeidit</span> <span class='ocrx_word' id='word_1_107' title='bbox 1001 2000 1088 2063; x_wconf 89' lang='lat' dir='ltr'>visui</span> <span class='ocrx_word' id='word_1_108' title='bbox 1112 2018 1184 2065; x_wconf 90' lang='lat' dir='ltr'>esse</span> <span class='ocrx_word' id='word_1_109' title='bbox 1209 1998 1248 2063; x_wconf 88' lang='lat' dir='ltr'>in</span> <span class='ocrx_word' id='word_1_110' title='bbox 1273 1998 1407 2064; x_wconf 89' lang='lat' dir='ltr'>sublimi</span> 
     </span>
     <span class='ocr_line' id='line_1_15' title="bbox 348 2100 1241 2194; baseline -0.006 -20"><span class='ocrx_word' id='word_1_111' title='bbox 348 2110 438 2188; x_wconf 84' lang='lat' dir='ltr'>loeo,</span> <span class='ocrx_word' id='word_1_112' title='bbox 459 2118 593 2194; x_wconf 85' lang='lat' dir='ltr'>putatur</span> <span class='ocrx_word' id='word_1_113' title='bbox 613 2128 666 2176; x_wconf 87' lang='lat' dir='ltr'>res</span> <span class='ocrx_word' id='word_1_114' title='bbox 687 2111 802 2175; x_wconf 88' lang='lat' dir='ltr'>subtus</span> <span class='ocrx_word' id='word_1_115' title='bbox 825 2128 895 2175; x_wconf 92' lang='lat' dir='ltr'>esse</span> <span class='ocrx_word' id='word_1_116' title='bbox 917 2109 1031 2191; x_wconf 80' lang='lat' dir='ltr'>posita.</span> <span class='ocrx_word' id='word_1_117' title='bbox 1236 2100 1241 2113; x_wconf 88' lang='lat'>&#39;</span> 
     </span>
    </p>

    <p class='ocr_par' dir='ltr' id='par_1_3' title="bbox 348 2218 1407 2632">
     <span class='ocr_line' id='line_1_16' title="bbox 391 2218 1407 2300; baseline -0.002 -16"><span class='ocrx_word' id='word_1_118' title='bbox 391 2222 441 2284; x_wconf 81' lang='lat' dir='ltr'>Fit</span> <span class='ocrx_word' id='word_1_119' title='bbox 468 2222 569 2285; x_wconf 92' lang='lat' dir='ltr'>etiam</span> <span class='ocrx_word' id='word_1_120' title='bbox 597 2221 711 2285; x_wconf 88' lang='lat' dir='ltr'>eadem</span> <span class='ocrx_word' id='word_1_121' title='bbox 739 2219 869 2284; x_wconf 82' lang='lat' dir='ltr'>fallacia</span> <span class='ocrx_word' id='word_1_122' title='bbox 898 2219 935 2282; x_wconf 94' lang='lat' dir='ltr'>in</span> <span class='ocrx_word' id='word_1_123' title='bbox 967 2218 1193 2300; x_wconf 88' lang='lat' dir='ltr'>magnitudine</span> <span class='ocrx_word' id='word_1_124' title='bbox 1225 2220 1407 2285; x_wconf 85' lang='lat' dir='ltr'>seeundum</span> 
     </span>
     <span class='ocr_line' id='line_1_17' title="bbox 350 2328 1404 2413; baseline -0.001 -19"><span class='ocrx_word' id='word_1_125' title='bbox 350 2338 528 2413; x_wconf 87' lang='lat' dir='ltr'>utrumque</span> <span class='ocrx_word' id='word_1_126' title='bbox 548 2330 789 2412; x_wconf 86' lang='lat' dir='ltr'>praedictorum</span> <span class='ocrx_word' id='word_1_127' title='bbox 810 2330 998 2404; x_wconf 67' lang='lat' dir='ltr'>modorum</span> <span class='ocrx_word' id='word_1_128' title='bbox 1017 2336 1056 2393; x_wconf 93' lang='lat' dir='ltr'>ut</span> <span class='ocrx_word' id='word_1_129' title='bbox 1072 2328 1190 2392; x_wconf 89' lang='lat' dir='ltr'>aooidit</span> <span class='ocrx_word' id='word_1_130' title='bbox 1204 2329 1339 2411; x_wconf 88' lang='lat' dir='ltr'>quando</span> <span class='ocrx_word' id='word_1_131' title='bbox 1353 2346 1404 2393; x_wconf 91' lang='lat' dir='ltr'>res</span> 
     </span>
     <span class='ocr_line' id='line_1_18' title="bbox 350 2438 1407 2520; baseline -0.001 -16"><span class='ocrx_word' id='word_1_132' title='bbox 350 2441 551 2505; x_wconf 89' lang='lat' dir='ltr'>subtendunt</span> <span class='ocrx_word' id='word_1_133' title='bbox 571 2438 724 2520; x_wconf 83' lang='lat' dir='ltr'>aequales</span> <span class='ocrx_word' id='word_1_134' title='bbox 746 2438 894 2520; x_wconf 85' lang='lat' dir='ltr'>angulos,</span> <span class='ocrx_word' id='word_1_135' title='bbox 917 2446 949 2502; x_wconf 90' lang='lat' dir='ltr'>et</span> <span class='ocrx_word' id='word_1_136' title='bbox 969 2439 1092 2502; x_wconf 80' lang='lat' dir='ltr'>fuerint</span> <span class='ocrx_word' id='word_1_137' title='bbox 1111 2439 1148 2501; x_wconf 91' lang='lat' dir='ltr'>in</span> <span class='ocrx_word' id='word_1_138' title='bbox 1169 2438 1336 2502; x_wconf 82' lang='lat' dir='ltr'>distantiis</span> <span class='ocrx_word' id='word_1_139' title='bbox 1357 2456 1407 2503; x_wconf 88' lang='lat' dir='ltr'>ae·</span> 
     </span>
     <span class='ocr_line' id='line_1_19' title="bbox 348 2547 1407 2632; baseline -0.001 -18"><span class='ocrx_word' id='word_1_140' title='bbox 348 2550 517 2632; x_wconf 80' lang='lat' dir='ltr'>qualibus3</span> <span class='ocrx_word' id='word_1_141' title='bbox 534 2549 592 2612; x_wconf 93' lang='lat' dir='ltr'>illa</span> <span class='ocrx_word' id='word_1_142' title='bbox 609 2550 711 2624; x_wconf 85' lang='lat' dir='ltr'>euim,</span> <span class='ocrx_word' id='word_1_143' title='bbox 724 2566 808 2629; x_wconf 91' lang='lat' dir='ltr'>quae</span> <span class='ocrx_word' id='word_1_144' title='bbox 822 2550 986 2612; x_wconf 89' lang='lat' dir='ltr'>minorem</span> <span class='ocrx_word' id='word_1_145' title='bbox 999 2548 1098 2613; x_wconf 89' lang='lat' dir='ltr'>babet</span> <span class='ocrx_word' id='word_1_146' title='bbox 1111 2547 1269 2623; x_wconf 79' lang='lat' dir='ltr'>dolorem,</span> <span class='ocrx_word' id='word_1_147' title='bbox 1281 2549 1407 2613; x_wconf 81' lang='lat' dir='ltr'>videtur</span> 
     </span>
    </p>
   </div>
   <div class='ocr_carea' id='block_1_2' title="bbox 230 2658 1408 2740">
    <p class='ocr_par' dir='ltr' id='par_1_4' title="bbox 230 2658 1408 2740">
     <span class='ocr_line' id='line_1_20' title="bbox 230 2658 1408 2740; baseline -0.002 -16"><span class='ocrx_word' id='word_1_148' title='bbox 230 2660 233 2665; x_wconf 85' lang='grc'><strong>’</strong></span> <span class='ocrx_word' id='word_1_149' title='bbox 350 2660 465 2725; x_wconf 88' lang='lat' dir='ltr'>maior.</span> <span class='ocrx_word' id='word_1_150' title='bbox 488 2661 522 2724; x_wconf 85' lang='lat' dir='ltr'>Si</span> <span class='ocrx_word' id='word_1_151' title='bbox 543 2660 715 2723; x_wconf 88' lang='lat' dir='ltr'>distantiae</span> <span class='ocrx_word' id='word_1_152' title='bbox 734 2676 812 2722; x_wconf 88' lang='lat' dir='ltr'>vero</span> <span class='ocrx_word' id='word_1_153' title='bbox 833 2658 955 2723; x_wconf 81' lang='lat' dir='ltr'>luerint</span> <span class='ocrx_word' id='word_1_154' title='bbox 970 2658 1170 2738; x_wconf 88' lang='lat' dir='ltr'>inaequales,</span> <span class='ocrx_word' id='word_1_155' title='bbox 1183 2660 1408 2740; x_wconf 84' lang='lat' dir='ltr'>remotiorap·</span> 
     </span>
    </p>
   </div>
   <div class='ocr_carea' id='block_1_3' title="bbox 261 2766 1422 4169">
    <p class='ocr_par' dir='ltr' id='par_1_5' title="bbox 261 2766 1422 4169">
     <span class='ocr_line' id='line_1_21' title="bbox 349 2766 1407 2852; baseline 0 -20"><span class='ocrx_word' id='word_1_156' title='bbox 349 2776 441 2852; x_wconf 86' lang='lat' dir='ltr'>paret</span> <span class='ocrx_word' id='word_1_157' title='bbox 467 2769 574 2833; x_wconf 85' lang='lat' dir='ltr'>maior</span> <span class='ocrx_word' id='word_1_158' title='bbox 600 2786 699 2849; x_wconf 89' lang='lat' dir='ltr'>quam</span> <span class='ocrx_word' id='word_1_159' title='bbox 727 2769 902 2850; x_wconf 83' lang='lat' dir='ltr'>apparebat</span> <span class='ocrx_word' id='word_1_160' title='bbox 928 2767 964 2831; x_wconf 93' lang='lat' dir='ltr'>in</span> <span class='ocrx_word' id='word_1_161' title='bbox 993 2766 1124 2847; x_wconf 87' lang='lat' dir='ltr'>aequali</span> <span class='ocrx_word' id='word_1_162' title='bbox 1151 2766 1331 2846; x_wconf 83' lang='lat' dir='ltr'>distantia,</span> <span class='ocrx_word' id='word_1_163' title='bbox 1357 2784 1407 2833; x_wconf 85' lang='lat' dir='ltr'>se·</span> 
     </span>
     <span class='ocr_line' id='line_1_22' title="bbox 351 2876 1408 2961; baseline -0.003 -19"><span class='ocrx_word' id='word_1_164' title='bbox 351 2877 499 2943; x_wconf 88' lang='lat' dir='ltr'>eundum</span> <span class='ocrx_word' id='word_1_165' title='bbox 521 2879 609 2961; x_wconf 91' lang='lat' dir='ltr'>quod</span> <span class='ocrx_word' id='word_1_166' title='bbox 630 2897 650 2943; x_wconf 92' lang='lat' dir='ltr'>a</span> <span class='ocrx_word' id='word_1_167' title='bbox 671 2879 827 2942; x_wconf 85' lang='lat' dir='ltr'>distantia</span> <span class='ocrx_word' id='word_1_168' title='bbox 848 2879 879 2942; x_wconf 91' lang='lat' dir='ltr'>ei</span> <span class='ocrx_word' id='word_1_169' title='bbox 900 2877 1072 2958; x_wconf 84' lang='lat' dir='ltr'>contingit.</span> <span class='ocrx_word' id='word_1_170' title='bbox 1096 2878 1218 2942; x_wconf 86' lang='lat' dir='ltr'>Verum</span> <span class='ocrx_word' id='word_1_171' title='bbox 1239 2877 1359 2942; x_wconf 79' lang='lat' dir='ltr'>aedidit</span> <span class='ocrx_word' id='word_1_172' title='bbox 1377 2876 1408 2943; x_wconf 91' lang='lat' dir='ltr'>ei</span> 
     </span>
     <span class='ocr_line' id='line_1_23' title="bbox 352 2985 1407 3069; baseline -0.002 -16"><span class='ocrx_word' id='word_1_173' title='bbox 352 2988 544 3054; x_wconf 88' lang='lat' dir='ltr'>huiusmodi</span> <span class='ocrx_word' id='word_1_174' title='bbox 557 2988 696 3064; x_wconf 83' lang='lat' dir='ltr'>iassaeia,</span> <span class='ocrx_word' id='word_1_175' title='bbox 709 3005 812 3068; x_wconf 90' lang='lat' dir='ltr'>quum</span> <span class='ocrx_word' id='word_1_176' title='bbox 824 2988 895 3051; x_wconf 78' lang='lat' dir='ltr'>viee</span> <span class='ocrx_word' id='word_1_177' title='bbox 909 2986 1127 3051; x_wconf 83' lang='lat' dir='ltr'>ratiocinandi</span> <span class='ocrx_word' id='word_1_178' title='bbox 1139 2985 1222 3051; x_wconf 86' lang='lat' dir='ltr'>haee</span> <span class='ocrx_word' id='word_1_179' title='bbox 1233 3004 1296 3069; x_wconf 78' lang='lat' dir='ltr'>per</span> <span class='ocrx_word' id='word_1_180' title='bbox 1306 3004 1407 3069; x_wconf 85' lang='lat' dir='ltr'>quan·</span> 
     </span>
     <span class='ocr_line' id='line_1_24' title="bbox 351 3097 1410 3180; baseline -0.005 -16"><span class='ocrx_word' id='word_1_181' title='bbox 351 3100 476 3164; x_wconf 74' lang='lat' dir='ltr'>tiutem</span> <span class='ocrx_word' id='word_1_182' title='bbox 497 3098 705 3180; x_wconf 87' lang='lat' dir='ltr'>angulorum,</span> <span class='ocrx_word' id='word_1_183' title='bbox 726 3100 828 3161; x_wconf 89' lang='lat' dir='ltr'>utitur</span> <span class='ocrx_word' id='word_1_184' title='bbox 847 3098 895 3162; x_wconf 92' lang='lat' dir='ltr'>ibi</span> <span class='ocrx_word' id='word_1_185' title='bbox 913 3097 1163 3161; x_wconf 81' lang='lat' dir='ltr'>ratiocinatione</span> <span class='ocrx_word' id='word_1_186' title='bbox 1180 3098 1300 3178; x_wconf 79' lang='lat' dir='ltr'>perid,</span> <span class='ocrx_word' id='word_1_187' title='bbox 1314 3112 1410 3179; x_wconf 81' lang='lat' dir='ltr'>super</span> 
     </span>
     <span class='ocr_line' id='line_1_25' title="bbox 350 3206 1407 3291; baseline -0.002 -18"><span class='ocrx_word' id='word_1_188' title='bbox 350 3211 438 3291; x_wconf 89' lang='lat' dir='ltr'>quod</span> <span class='ocrx_word' id='word_1_189' title='bbox 465 3209 581 3273; x_wconf 82' lang='lat' dir='ltr'>incidit</span> <span class='ocrx_word' id='word_1_190' title='bbox 607 3208 803 3272; x_wconf 88' lang='lat' dir='ltr'>sensibilitas</span> <span class='ocrx_word' id='word_1_191' title='bbox 830 3209 870 3272; x_wconf 88' lang='lat' dir='ltr'>de</span> <span class='ocrx_word' id='word_1_192' title='bbox 896 3213 1072 3288; x_wconf 88' lang='lat' dir='ltr'>augmento</span> <span class='ocrx_word' id='word_1_193' title='bbox 1093 3207 1312 3287; x_wconf 82' lang='lat' dir='ltr'>longitudinis</span> <span class='ocrx_word' id='word_1_194' title='bbox 1332 3206 1407 3271; x_wconf 81' lang='lat' dir='ltr'>visi·</span> 
     </span>
     <span class='ocr_line' id='line_1_26' title="bbox 261 3316 1409 3401; baseline -0.003 -17"><span class='ocrx_word' id='word_1_195' title='bbox 261 3329 265 3336; x_wconf 84' lang='lat'>&#39;</span> <span class='ocrx_word' id='word_1_196' title='bbox 351 3321 428 3384; x_wconf 90' lang='lat' dir='ltr'>bilis</span> <span class='ocrx_word' id='word_1_197' title='bbox 449 3320 552 3396; x_wconf 88' lang='lat' dir='ltr'>radii,</span> <span class='ocrx_word' id='word_1_198' title='bbox 580 3338 647 3401; x_wconf 92' lang='lat' dir='ltr'>quo</span> <span class='ocrx_word' id='word_1_199' title='bbox 674 3336 743 3394; x_wconf 91' lang='lat' dir='ltr'>res,</span> <span class='ocrx_word' id='word_1_200' title='bbox 766 3335 905 3398; x_wconf 91' lang='lat' dir='ltr'>quarum</span> <span class='ocrx_word' id='word_1_201' title='bbox 926 3316 1122 3399; x_wconf 83' lang='lat' dir='ltr'>quantitates</span> <span class='ocrx_word' id='word_1_202' title='bbox 1144 3316 1409 3397; x_wconf 77' lang='lat' dir='ltr'>magnitudinum</span> 
     </span>
     <span class='ocr_line' id='line_1_27' title="bbox 350 3427 1409 3510; baseline -0.002 -17"><span class='ocrx_word' id='word_1_203' title='bbox 350 3437 428 3495; x_wconf 90' lang='lat' dir='ltr'>sunt</span> <span class='ocrx_word' id='word_1_204' title='bbox 445 3429 612 3510; x_wconf 89' lang='lat' dir='ltr'>aequales,</span> <span class='ocrx_word' id='word_1_205' title='bbox 630 3446 706 3494; x_wconf 88' lang='lat' dir='ltr'>eum</span> <span class='ocrx_word' id='word_1_206' title='bbox 721 3428 917 3510; x_wconf 84' lang='lat' dir='ltr'>elongantur</span> <span class='ocrx_word' id='word_1_207' title='bbox 932 3434 1088 3509; x_wconf 85' lang='lat' dir='ltr'>apparent</span> <span class='ocrx_word' id='word_1_208' title='bbox 1100 3427 1258 3492; x_wconf 89' lang='lat' dir='ltr'>minores.</span> <span class='ocrx_word' id='word_1_209' title='bbox 1272 3428 1409 3493; x_wconf 75' lang='lat' dir='ltr'>Necesse</span> 
     </span>
     <span class='ocr_line' id='line_1_28' title="bbox 350 3536 1409 3620; baseline -0.004 -17"><span class='ocrx_word' id='word_1_210' title='bbox 350 3547 400 3604; x_wconf 91' lang='lat' dir='ltr'>est</span> <span class='ocrx_word' id='word_1_211' title='bbox 424 3558 500 3619; x_wconf 89' lang='lat' dir='ltr'>ergo</span> <span class='ocrx_word' id='word_1_212' title='bbox 524 3541 621 3616; x_wconf 88' lang='lat' dir='ltr'>hino,</span> <span class='ocrx_word' id='word_1_213' title='bbox 648 3547 686 3602; x_wconf 91' lang='lat' dir='ltr'>ut</span> <span class='ocrx_word' id='word_1_214' title='bbox 709 3556 821 3602; x_wconf 89' lang='lat' dir='ltr'>rerum</span> <span class='ocrx_word' id='word_1_215' title='bbox 844 3557 928 3620; x_wconf 88' lang='lat' dir='ltr'>quae</span> <span class='ocrx_word' id='word_1_216' title='bbox 949 3555 1050 3601; x_wconf 86' lang='lat' dir='ltr'>eausa</span> <span class='ocrx_word' id='word_1_217' title='bbox 1072 3536 1269 3619; x_wconf 88' lang='lat' dir='ltr'>angulorum</span> <span class='ocrx_word' id='word_1_218' title='bbox 1291 3538 1409 3603; x_wconf 90' lang='lat' dir='ltr'>debent</span> 
     </span>
     <span class='ocr_line' id='line_1_29' title="bbox 351 3648 1408 3730; baseline -0.002 -16"><span class='ocrx_word' id='word_1_219' title='bbox 351 3648 620 3730; x_wconf 84' lang='lat' dir='ltr'>esseaequales,</span> <span class='ocrx_word' id='word_1_220' title='bbox 640 3648 717 3712; x_wconf 88' lang='lat' dir='ltr'>illae</span> <span class='ocrx_word' id='word_1_221' title='bbox 740 3666 880 3729; x_wconf 85' lang='lat' dir='ltr'>quarum</span> <span class='ocrx_word' id='word_1_222' title='bbox 902 3648 1055 3712; x_wconf 88' lang='lat' dir='ltr'>distantia</span> <span class='ocrx_word' id='word_1_223' title='bbox 1075 3648 1182 3712; x_wconf 86' lang='lat' dir='ltr'>maior</span> <span class='ocrx_word' id='word_1_224' title='bbox 1209 3655 1281 3725; x_wconf 90' lang='lat' dir='ltr'>est,</span> <span class='ocrx_word' id='word_1_225' title='bbox 1313 3666 1408 3730; x_wconf 84' lang='lat' dir='ltr'>appa·</span> 
     </span>
     <span class='ocr_line' id='line_1_30' title="bbox 349 3757 1407 3838; baseline -0.002 -17"><span class='ocrx_word' id='word_1_226' title='bbox 349 3765 444 3822; x_wconf 89' lang='lat' dir='ltr'>reant</span> <span class='ocrx_word' id='word_1_227' title='bbox 464 3760 616 3822; x_wconf 87' lang='lat' dir='ltr'>maiores.</span> <span class='ocrx_word' id='word_1_228' title='bbox 638 3757 802 3838; x_wconf 83' lang='lat' dir='ltr'>Contingit</span> <span class='ocrx_word' id='word_1_229' title='bbox 822 3758 921 3821; x_wconf 90' lang='lat' dir='ltr'>etiam</span> <span class='ocrx_word' id='word_1_230' title='bbox 942 3757 1094 3821; x_wconf 87' lang='lat' dir='ltr'>similiter</span> <span class='ocrx_word' id='word_1_231' title='bbox 1110 3776 1149 3821; x_wconf 84' lang='lat' dir='ltr'>ex</span> <span class='ocrx_word' id='word_1_232' title='bbox 1165 3757 1407 3822; x_wconf 85' lang='lat' dir='ltr'>diversitatibus</span> 
     </span>
     <span class='ocr_line' id='line_1_31' title="bbox 351 3867 1408 3949; baseline 0 -17"><span class='ocrx_word' id='word_1_233' title='bbox 351 3870 519 3948; x_wconf 75' lang='lat' dir='ltr'>colorum,</span> <span class='ocrx_word' id='word_1_234' title='bbox 548 3886 600 3933; x_wconf 89' lang='lat' dir='ltr'>res</span> <span class='ocrx_word' id='word_1_235' title='bbox 622 3869 711 3931; x_wconf 90' lang='lat' dir='ltr'>enim</span> <span class='ocrx_word' id='word_1_236' title='bbox 733 3869 828 3932; x_wconf 91' lang='lat' dir='ltr'>ouius</span> <span class='ocrx_word' id='word_1_237' title='bbox 850 3867 941 3931; x_wconf 84' lang='lat' dir='ltr'>&#39;color</span> <span class='ocrx_word' id='word_1_238' title='bbox 962 3876 1010 3931; x_wconf 85' lang='lat' dir='ltr'>est</span> <span class='ocrx_word' id='word_1_239' title='bbox 1030 3869 1133 3948; x_wconf 86' lang='lat' dir='ltr'>magis</span> <span class='ocrx_word' id='word_1_240' title='bbox 1156 3868 1330 3948; x_wconf 81' lang='lat' dir='ltr'>occultus,</span> <span class='ocrx_word' id='word_1_241' title='bbox 1356 3886 1408 3949; x_wconf 84' lang='lat' dir='ltr'>ap-</span> 
     </span>
     <span class='ocr_line' id='line_1_32' title="bbox 352 3979 1405 4060; baseline -0.003 -17"><span class='ocrx_word' id='word_1_242' title='bbox 352 3987 445 4060; x_wconf 88' lang='lat' dir='ltr'>paret</span> <span class='ocrx_word' id='word_1_243' title='bbox 466 3980 643 4055; x_wconf 86' lang='lat' dir='ltr'>remotior,</span> <span class='ocrx_word' id='word_1_244' title='bbox 664 3985 696 4042; x_wconf 90' lang='lat' dir='ltr'>et</span> <span class='ocrx_word' id='word_1_245' title='bbox 717 3979 792 4044; x_wconf 92' lang='lat' dir='ltr'>ideo</span> <span class='ocrx_word' id='word_1_246' title='bbox 813 3981 921 4042; x_wconf 90' lang='lat' dir='ltr'>statim</span> <span class='ocrx_word' id='word_1_247' title='bbox 947 3979 1150 4042; x_wconf 85' lang='lat' dir='ltr'>existimatur</span> <span class='ocrx_word' id='word_1_248' title='bbox 1178 3996 1253 4042; x_wconf 89' lang='lat' dir='ltr'>esse</span> <span class='ocrx_word' id='word_1_249' title='bbox 1282 3980 1405 4053; x_wconf 89' lang='lat' dir='ltr'>maior,</span> 
     </span>
     <span class='ocr_line' id='line_1_33' title="bbox 352 4088 1422 4169; baseline -0.002 -18"><span class='ocrx_word' id='word_1_250' title='bbox 352 4089 437 4154; x_wconf 86' lang='lat' dir='ltr'>siout</span> <span class='ocrx_word' id='word_1_251' title='bbox 465 4091 581 4156; x_wconf 83' lang='lat' dir='ltr'>accidit</span> <span class='ocrx_word' id='word_1_252' title='bbox 609 4091 643 4153; x_wconf 93' lang='lat' dir='ltr'>in</span> <span class='ocrx_word' id='word_1_253' title='bbox 671 4091 790 4167; x_wconf 88' lang='lat' dir='ltr'>rebus,</span> <span class='ocrx_word' id='word_1_254' title='bbox 818 4107 901 4169; x_wconf 90' lang='lat' dir='ltr'>quae</span> <span class='ocrx_word' id='word_1_255' title='bbox 927 4108 1001 4153; x_wconf 88' lang='lat' dir='ltr'>vere</span> <span class='ocrx_word' id='word_1_256' title='bbox 1031 4089 1109 4153; x_wconf 88' lang='lat' dir='ltr'>tales</span> <span class='ocrx_word' id='word_1_257' title='bbox 1138 4096 1238 4165; x_wconf 88' lang='lat' dir='ltr'>sunt,</span> <span class='ocrx_word' id='word_1_258' title='bbox 1258 4088 1422 4155; x_wconf 85' lang='lat' dir='ltr'>videlieet·</span> 
     </span>
    </p>
   </div>
   <div class='ocr_carea' id='block_1_4' title="bbox 0 0 1650 5364">
    <p class='ocr_par' dir='ltr' id='par_1_6' title="bbox 0 0 1650 5364">
     <span class='ocr_line' id='line_1_34' title="bbox 0 0 1650 5364; baseline 0 0"><span class='ocrx_word' id='word_1_259' title='bbox 0 0 1650 5364; x_wconf 95' lang='lat' dir='ltr'> </span> 
     </span>
    </p>
   </div>
  </div>
 </body>
</html>
