3278 5364
1297 558 1337 621 19

261 671 389 734 duobus
411 669 513 748 locis;
537 679 569 732 et
590 685 667 731 cum
689 666 907 731 clauserimus
930 667 981 732 vel
997 666 1175 731 texerimus
1197 665 1340 732 alterum

262 779 457 855 oculorum,
481 779 593 842 statim
616 778 834 841 abscondetur
854 777 890 840 id
912 779 1001 859 quod
1021 784 1070 842 est
1084 778 1120 840 in
1144 770 1253 842 altero
1264 772 1358 843 duo·x

262 908 337 953 rum
352 888 523 963 locorum,
538 895 570 950 et
587 887 771 951 remanebit
785 886 927 951 alterum
943 904 1122 969 apparens,
1141 889 1341 970 quandoque

261 999 397 1082 quidem
419 999 514 1074 illud,
533 998 622 1081 quod
640 1004 690 1062 est
704 994 822 1061 versus
835 997 969 1062 oculum
985 1004 1121 1075 tectum,
1139 998 1340 1081 quandoque

258 1129 338 1176 vero
361 1112 450 1192 quod
473 1117 521 1174 est
534 1128 648 1173 versus
664 1107 807 1173 alterum
823 1106 968 1172 oculum.
983 1109 1075 1184 Quod
1091 1109 1207 1191 utique
1221 1108 1341 1175 leviter

257 1219 475 1301 intelligetur,
493 1220 521 1283 si
537 1218 775 1284 tentaverimus
790 1217 875 1282 illud
890 1236 1052 1302 exponere
1068 1218 1126 1282 tali
1141 1220 1251 1284 modo.

298 1330 523 1417 Constituatur
539 1328 656 1410 regula
669 1329 779 1393 brevis
795 1336 827 1393 et
841 1330 906 1392 duo
922 1328 1067 1412 cylindri
1082 1329 1218 1394 subtiles
1234 1329 1338 1412 longi,

259 1448 384 1507 stantes
406 1458 507 1523 super
529 1457 603 1504 eam
626 1440 668 1504 ad
690 1446 797 1504 rectos
820 1439 969 1520 angulos,
992 1447 1025 1503 et
1046 1439 1089 1504 sit
1111 1439 1269 1504 distantia
1291 1441 1338 1505 al-

259 1552 361 1618 terius
385 1553 425 1615 ab
447 1551 550 1616 altero
574 1558 607 1615 et
633 1551 673 1614 ab
704 1550 964 1614 extremitatibus
986 1550 1121 1631 regulae
1149 1552 1339 1630 moderata3

259 1668 292 1726 et
317 1667 461 1744 ponatur
489 1660 593 1724 altera
622 1661 869 1725 extremitatum
891 1659 978 1723 inter
999 1658 1137 1737 oculos,
1159 1661 1207 1725 ita
1227 1669 1265 1726 ut
1286 1680 1340 1744 oy-

259 1772 360 1836 lindri
386 1773 453 1836 sint
490 1790 591 1852 super
623 1777 747 1835 rectam
773 1770 898 1835 lineam
927 1776 1070 1835 stantem
1096 1790 1196 1854 super
1222 1773 1343 1836 distan-

260 1882 350 1959 tiam,
366 1901 451 1964 quae
466 1889 514 1946 est
529 1883 619 1946 inter
633 1881 804 1946 oculosad
819 1888 927 1946 rectos
944 1881 1093 1962 angulos.
1117 1882 1151 1946 si
1170 1900 1247 1962 ergo
1264 1899 1341 1945 oum

260 1994 365 2058 oculis
387 1994 510 2058 nostris
532 1994 739 2058 tenderimus
762 1993 805 2057 ad
825 1992 1095 2075 propinquiorem
1117 1993 1215 2057 nobis
1238 1992 1341 2076 cylin-

260 2106 373 2182 drum,
395 2104 584 2169 videbimus
601 2122 678 2169 eum
693 2121 814 2182 unum3
838 2102 981 2169 alterum
1002 2121 1080 2168 vero
1103 2105 1161 2185 qui
1183 2105 1343 2169 remotior

261 2220 326 2291 est,
345 2216 445 2294 duos;
463 2221 495 2278 et
510 2231 586 2278 cum
604 2214 823 2278 clauserimus
841 2213 983 2278 alterum
999 2211 1185 2290 oculorum,
1205 2208 1342 2278 abscon-

261 2327 356 2390 detur
383 2325 422 2389 de
448 2323 574 2406 duplici
602 2323 753 2407 cylindro
775 2325 810 2388 id
831 2324 921 2405 quod
944 2331 994 2388 est
1015 2325 1203 2406 oppositum
1230 2325 1340 2389 eidem

261 2434 356 2500 oculo
385 2435 425 2500 de
454 2436 581 2499 duabus
610 2435 724 2497 formis
759 2434 842 2499 eius.
873 2434 908 2497 Si
934 2453 1010 2499 vero
1033 2435 1237 2499 tenderimus
1261 2452 1339 2498 cum

260 2545 365 2610 oculis
383 2547 506 2610 nostris
520 2546 562 2610 ad
576 2545 791 2609 remotiorem
806 2544 1006 2627 cylindrum,
1020 2563 1136 2608 rursus
1150 2546 1339 2610 videbimus

260 2656 336 2729 e'um
358 2674 476 2734 unum,
495 2661 528 2720 et
540 2655 729 2719 videbimus
743 2655 1015 2737 propinquiorem
1035 2655 1070 2717 in
1094 2655 1224 2719 duobus
1239 2655 1338 2735 locis;

260 2775 292 2832 et
312 2768 341 2830 si
363 2766 582 2831 clauserimus
605 2766 747 2830 alterum
770 2764 956 2842 oculorum,
975 2766 1196 2830 abscondetur
1216 2767 1257 2830 de
1279 2767 1340 2830 du·

260 2876 336 2959 plici
354 2875 505 2959 cylindro
520 2877 668 2958 id„quod
682 2877 721 2940 de
737 2876 865 2940 duabus
880 2876 995 2957 figuris
1011 2877 1082 2941 eius
1097 2882 1146 2941 est
1159 2877 1197 2975 ip
1212 2877 1341 2940 diversa
1381 2883 1386 2892 '

260 2994 351 3068 parte
365 2987 456 3051 illius
473 2988 572 3052 oculi.
590 2987 682 3063 Quod
696 2986 797 3068 igitur
811 2989 1074 3070 imumquodque
1090 2987 1230 3052 istomm
1252 2988 1337 3052 acci·

262 3098 325 3175 dat,
341 3100 529 3187 et'sequens
545 3098 590 3162 sit
603 3099 660 3162 his
677 3116 761 3179 quae
777 3098 1038 3180 praeposuimus,
1055 3097 1267 3181 dignoscetur
1281 3116 1340 3181 per

259 3206 346 3275 hanc
368 3208 519 3290 figuram.
1099 3190 1106 3202 ⁸

300 3320 373 3384 Sint
396 3320 501 3401 capita
522 3319 733 3402 pyramidum
758 3319 820 3399 lfid·
839 3319 870 3398 1]
893 3319 1008 3399 puncti
1029 3319 1091 3395 ab,
1106 3326 1139 3383 et
1153 3320 1196 3382 sit
1211 3319 1226 3381 i
1240 3338 1339 3401 super

260 3431 408 3496 dextrum
431 3430 566 3495 oculum
589 3438 621 3496 et
642 3450 661 3496 o
684 3448 784 3513 super
805 3427 1000 3505 sinistrum,
1022 3431 1154 3513 sintque
1177 3447 1276 3513 super
1297 3430 1336 3494 li-

258 3547 357 3607 neam
378 3541 699 3623 perpendicularem,
721 3559 807 3624 qnae
829 3547 879 3605 est
900 3559 1000 3623 super
1014 3561 1033 3607 o
1048 3542 1077 3618 b,
1101 3542 1264 3606 adrectos
1280 3560 1337 3604 an·

257 3652 351 3734 gulos
374 3652 440 3715 duo
463 3653 604 3734 cylindri
627 3653 738 3729 erecti,
756 3651 912 3718 videlicet
924 3672 952 3734 p,
963 3653 994 3727 d,
1010 3658 1044 3717 et
1057 3651 1282 3733 producantur
1298 3652 1339 3716 ad

258 3781 312 3827 eos
336 3764 378 3828 ab
401 3763 493 3826 omni
511 3763 617 3845 capite
634 3763 775 3827 duamm
790 3764 1002 3846 pyramidum
1016 3763 1103 3827 radii
1118 3783 1175 3843 ap,
1198 3764 1254 3842 tp,
1277 3766 1336 3838 ed,

261 3874 318 3949 id,
340 3879 373 3937 et
394 3874 569 3937 tendamus
591 3874 683 3955 prius
707 3892 783 3938 oum
798 3873 872 3937 visu
889 3881 1002 3938 nostro
1019 3874 1060 3938 ad
1073 3865 1108 3956 p,
1124 3874 1182 3955 qui
1198 3879 1247 3937 est
1261 3893 1336 3956 pro-

260 3985 427 4066 pinquior;
443 3991 541 4048 erunt
557 4002 633 4065 ergo
649 4004 692 4065 ep
708 3992 740 4049 et
756 3985 797 4066 ip
812 3988 913 4067 super
926 3984 1016 4066 ipsos
1032 4002 1118 4049 axes.
1133 3984 1178 4070 De
1191 3984 1335 4073 residuis

261 4111 335 4159 vero
351 4093 482 4160 duobus
496 4094 609 4173 radiis,
624 4096 670 4160 cd
685 4094 846 4162 eritunus
858 4096 898 4160 de
911 4094 1056 4160 sinistris
1066 4094 1182 4176 radiis;
1197 4097 1336 4162 manife-
