3278 5364
1272 544 1335 610 ll't

257 676 300 723 aa
312 656 399 721 sicut
412 658 513 734 east
524 656 759 738 protrahantur
772 656 879 720 lineae
895 659 977 733 loa,
993 657 1084 732 mdo,
1099 658 1173 720 eds.
1188 655 1335 721 Dicimus

257 786 349 850 erga·
363 769 453 849 quod
466 767 684 832 reverberatio
701 768 784 830 radii
799 767 887 831 inter
897 786 924 843 a,
938 768 959 829 lt
974 767 1016 831 ad
1030 767 1186 848 aequales
1198 767 1336 848 angulos

259 880 389 943 refracti
412 879 476 942 erit
495 880 584 942 inter
604 885 745 958 punctos
766 897 800 952 a,
815 896 840 955 r,
862 895 925 942 nec
943 877 1144 959 refringatur
1159 897 1178 942 a
1193 878 1335 943 circum·

258 990 401 1054 ferentia
410 989 454 1053 bo
466 997 500 1054 et
508 990 776 1054 circumferentia
786 1000 822 1069 qt
834 991 946 1053 radius
959 990 1001 1053 ad
1013 989 1169 1070 aequales
1183 988 1336 1071 angulos.

259 1102 394 1166 Radius·
407 1103 498 1166 enirn
521 1103 562 1165 ab
580 1118 782 1182 unaquaque
799 1118 914 1166 aarum
929 1101 1092 1167 refractus
1105 1116 1174 1166 non
1190 1101 1338 1166 continet

259 1218 410 1275 centrum
424 1214 455 1276 a.
476 1208 747 1277 Demonstremus
769 1211 871 1292 igitur
893 1212 995 1292 prius,
1016 1213 1106 1292 qnod
1127 1229 1194 1276 non
1212 1212 1359 1303 refring

258 1321 390 1402 gitur-a
411 1328 535 1403 puncto
548 1338 580 1385 a·
595 1323 628 1385 Si
644 1340 723 1386 vero
738 1320 894 1404 possibile
906 1327 974 1396 εει,
992 1320 1191 1402 refringatur
1203 1327 1242 1386 ut
1256 1315 1338 1399 ills,-

258 1433 340 1514 qnia
359 1413 625 1513 igitur-'angulus
647 1435 734 1496 zaim
757 1439 807 1496 εει
823 1432 910 1497 sicut
925 1431 1067 1512 angulus
1084 1431 1188 1519 bam,
1203 1432 1266 1496 erit
1281 1448 1340 1496 an·

259 1541 362 1624 gulus
381 1546 452 1607 rtis
467 1541 562 1606 v'sicut
589 1543 732 1624 angulus
757 1544 841 1619 aab·
866 1540 940 1613 erat
964 1540 1076 1607 auiam
1103 1541 1246 1624 angulus
1272 1545 1340 1609 aad

259 1654 358 1718 sicut·
377 1653 522 1734 angulus
544 1655 630 1727 aab·
659 1652 817 1734 trianguli
845 1670 922 1734 engo
945 1656 1024 1729 ads,
1046 1650 1115 1717 bria
1139 1652 1264 1717 habent
1285 1669 1339 1718 ae·

260 1763 377 1844 quales
389 1762 557 1846 angulos,
580 1771 613 1828 et
633 1764 723 1828 linea
737 1767 777 1828 do
798 1771 848 1827 εει
862 1764 1070 1842 communis3
1090 1763 1182 1828 linea
1197 1760 1276 1845 ergo
1290 1767 1339 1831 ad

258 1881 316 1938 est·
331 1875 420 1938 siam
437 1873 528 1939 linea
548 1874 621 1951 dbt'
635 1875 698 1938 erit
718 1875 820 1955 igitur
839 1872 919 1938 inde
935 1872 1078 1956 angulus
1092 1874 1167 1938 ἀει
1181 1875 1268 1939 sicut
1284 1890 1340 1939 an·

253 1983 363 2070 *gulas
383 1984 473 2061 sbti,
493 1984 553 2048 sed
575 1982 717 2064 angulus
742 1986 815 2049 dab
843 1992 892 2048 est
917 1986 1005 2049 sicut
1031 1983 1174 2065 angulus
1198 1984 1278 2062 des,
1299 1998 1339 2050 ab

259 2095 521 2178 quodiseqnalia
534 2102 614 2158 nint
627 2083 730 2160 latera
745 2113 795 2172 ee,
809 2112 864 2172 aa,
879 2104 913 2160 et
927 2094 1061 2177 utrique
1077 2092 1193 2176 anguli
1206 2110 1339 2178 penest
1382 2105 1384 2109 ’

261 2204 500 2289 dtr-'triangulis
516 2211 594 2285 aad,
607 2210 673 2273 sec
687 2208 853 2288 aequales,
869 2215 901 2272 et
916 2215 1052 2290 propter
1064 2209 1337 2273 communitatem

261 2316 385 2382 haberit
401 2319 437 2381 in
453 2316 576 2400 angulo
588 2320 670 2395 edlu
686 2319 748 2384 erit
764 2336 841 2400 orgo
856 2312 999 2399 angulus
1012 2320 1087 2383 sbti
1097 2313 1237 2384 interior
1253 2321 1340 2385 sictu

262 2431 408 2512 angulus
427 2432 498 2495 doz
522 2424 677 2507 exterior,
706 2432 795 2512 quod
822 2438 873 2495 est
897 2429 1030 2494 falsum.
1053 2431 1088 2494 Si
1108 2449 1187 2496 vero
1215 2449 1339 2514 posue·

262 2538 370 2604 fimus
391 2541 690 2606 reverberationem
713 2543 754 2604 ab
777 2538 890 2622 aliquo
913 2539 1034 2622 puncto
1048 2540 1137 2606 inter
1157 2558 1171 2607 ε
1193 2549 1226 2608 et
1248 2551 1273 2618 t,
1289 2524 1347 2607 ao*

263 2651 470 2749 olditmagls
491 2651 711 2733 impossibile3
735 2651 833 2715 debet
854 2653 952 2717 enirn·
971 2652 1050 2719 inde
1072 2670 1145 2718 esse
1166 2655 1212 2716 sd
1232 2654 1342 2717 maior

261 2779 365 2843 quam
387 2764 450 2839 db,
474 2771 506 2826 et
526 2761 617 2826 linea
637 2764 713 2839 mli,
735 2770 886 2843 quaeest
900 2764 1019 2840 maior,
1036 2764 1100 2827 erit
1112 2765 1224 2827 minor
1239 2778 1341 2846 quam

259 2886 334 2950 zm,
350 2866 443 2953 {quas
464 2872 576 2937 minor
590 2880 653 2950 est,
668 2880 702 2937 et
716 2873 857 2953 angulus
873 2876 946 2938 riba
959 2875 1098 2938 interior
1114 2874 1222 2938 maior
1235 2892 1338 2956 quam

262 2981 406 3064 angulus
427 2985 517 3059 dab,
539 2984 598 3065 qui
620 2989 671 3047 est
690 2982 839 3064 aequalis
856 2985 975 3066 angulo
990 2988 1055 3050 dez
1069 2975 1234 3062 exteriori,
1251 2987 1341 3066 quod

261 3102 313 3159 ast
338 3092 556 3176 impossibile.
580 3095 629 3158 Sit
649 3095 751 3176 igitur
776 3096 1014 3172 reverberatio,
1037 3097 1067 3160 si
1088 3096 1246 3181 possibile
1275 3103 1340 3172 est,

261 3214 300 3268 ut
318 3207 411 3282 τηις
433 3206 512 3286 qnia
541 3222 618 3286 ergo
645 3204 736 3269 linea
759 3207 797 3271 sl
823 3212 875 3270 est
900 3207 986 3278 sicut
1007 3206 1106 3275 lineaw
1123 3208 1176 3283 lb,
1203 3208 1266 3272 erit
1293 3225 1341 3270 aa

261 3318 348 3380 sicut
367 3319 439 3391 ab,
455 3323 487 3380 et
508 3312 651 3396 angulus
671 3318 748 3380 aab
768 3317 856 3380 sicut
877 3316 1018 3397 angulus
1032 3319 1120 3380 aba.
1135 3318 1248 3381 Restat
1260 3334 1338 3398 argo

261 3422 502 3508 angulusrtla,
525 3428 610 3491 sicut
630 3427 785 3492 residuus
808 3426 948 3508 angulus
968 3420 1168 3507 almund
1195 3432 1245 3491 est
1272 3427 1338 3490 im·

260 3536 432 3618 possibile;
455 3545 488 3601 et
508 3539 572 3601 erit
590 3538 697 3617 magis
717 3538 936 3619 impossibile,
951 3536 980 3600 si
996 3538 1210 3620 posuerimus
1229 3554 1336 3602 rerer·

261 3648 468 3712 berationem
490 3647 579 3711 inter
598 3648 618 3710 lc
639 3656 674 3712 et
697 3667 730 3725 a,
753 3648 844 3711 ducit
865 3649 955 3713 onim
978 3648 1020 3712 aii
1040 3648 1118 3725 hoc,
1142 3648 1233 3729 quod
1247 3647 1341 3712 linea

261 3773 351 3839 quae
368 3765 420 3822 est
438 3759 552 3823 minor
571 3775 673 3838 quam
695 3759 822 3836 amsii
843 3758 951 3822 maior
972 3757 1062 3823 linos
1083 3758 1211 3823 maiora
1235 3774 1338 3839 quam

261 3870 327 3945 ab,
350 3876 384 3932 at
404 3870 493 3949 quod
517 3869 663 3950 angulus
679 3872 757 3947 ala,
780 3870 839 3950 qui
853 3878 904 3934 ast
918 3871 1047 3934 acutior
1061 3868 1183 3950 angulo
1196 3869 1281 3948 alb,
1299 3868 1343 3932 sit

264 3980 371 4047 maior
391 3972 515 4061 ang'ulo
537 3981 698 4044 obtusiorl
720 3998 821 4062 quarn
844 3978 987 4061 angulus
1007 3982 1092 4057 alb;
1113 3976 1177 4044 setl'
1194 3980 1224 4043 si
1241 3981 1342 4045 fuerit

264 4090 482 4156 reverberatio
505 4092 546 4156 ad
567 4092 723 4172 aequales
742 4090 891 4174 angulos,
907 4092 1003 4157 cadet
1020 4091 1138 4172 ntique
1151 4092 1240 4156 inter
1254 4106 1342 4174 pun·
