3278 5364
261 570 301 628 72

257 675 415 755 quoniam
437 672 640 754 impossibiie
664 680 713 735 est
735 681 771 734 ut
794 668 984 751 magnitudo
1008 690 1092 752 quae
1111 680 1164 736 est
1180 650 1332 754 opposita

258 784 318 857 eis,
341 790 509 845 conservet
524 783 624 844 situm
640 781 786 844 similem
802 800 903 861 penes
919 800 1197 862 unumquemque
1211 782 1332 845 axium.

258 895 319 956 Res
340 892 431 956 enim
453 910 539 973 quae
561 899 695 971 apparet
715 892 866 971 opposita
888 891 1037 970 utrisque
1059 891 1180 966 oculis,
1196 909 1266 953 non
1284 899 1334 953 est

256 1000 539 1082 perpendicularis
560 1018 662 1080 super
682 1008 841 1080 utrosque
857 1019 943 1063 axes.
963 1000 1134 1073 Quomodo
1150 1001 1243 1065 enim
1258 1018 1332 1080 pos·

259 1129 375 1173 sumus
401 1110 466 1173 boc
493 1110 660 1184 arbitrari,
686 1127 764 1171 oum
790 1109 1021 1189 unusquisque
1051 1110 1162 1172 axium
1191 1108 1334 1173 declinet

257 1221 299 1282 ad
321 1220 473 1292 aiterum,
496 1219 560 1280 nisi
587 1220 628 1281 de
657 1217 717 1281 illo
743 1218 802 1298 qui
824 1219 922 1281 debet
943 1236 1016 1281 esse
1037 1218 1074 1280 in
1096 1219 1225 1291 medio,
1246 1220 1333 1294 sicut

257 1330 415 1405 diximus,
441 1335 474 1390 et
495 1334 545 1390 est
566 1328 721 1390 distantia
743 1328 815 1389 eius
831 1327 1097 1407 proportionalis,
1113 1328 1172 1406 qui
1189 1328 1332 1392 rationa-

258 1437 367 1499 biliter
388 1437 485 1499 debet
505 1438 612 1499 vocari
634 1437 704 1499 axis
725 1437 923 1499 communis.
946 1437 1111 1499 Debemus
1127 1443 1241 1499 autem
1256 1437 1332 1499 uni-

259 1545 432 1609 versaliter
459 1546 492 1607 in
516 1545 678 1625 hisquae
700 1553 787 1608 recte
809 1546 977 1617 videntur,
999 1545 1202 1623 distinguere
1224 1545 1333 1624 qualis

260 1664 310 1717 est
331 1654 464 1716 babitus
485 1653 654 1727 iocorum,
677 1655 712 1715 in
734 1654 856 1733 quibus
872 1662 1032 1733 apparent
1048 1653 1335 1728 mandanarum

260 1765 350 1844 quod
377 1763 545 1844 quantitas
573 1763 747 1827 distantiae
779 1762 914 1824 iliorum
942 1782 962 1824 a
983 1763 1083 1825 rebus
1103 1763 1190 1825 veris
1212 1771 1264 1827 est
1284 1782 1334 1841 εε-ι

261 1874 410 1936 cundum
433 1871 625 1935 distantiam
648 1873 836 1935 communis
859 1872 927 1933 axis
949 1872 990 1935 ab
1012 1889 1071 1935 axe
1088 1872 1224 1952 proprio
1238 1872 1335 1946 usui,

261 1987 292 2043 ει
314 1982 396 2045 baec
417 1981 572 2044 distantia
594 1989 644 2044 est
666 1979 950 2060 perpendicularis
980 1980 1102 2043 cadens
1123 1982 1266 2057 erebus
1286 1982 1332 2043 ri·

266 2091 383 2154 dandis
406 2108 507 2170 super
528 2109 629 2153 axem
644 2106 868 2161 communem.

304 2199 469 2260 Debemus
491 2199 591 2260 etiam
614 2199 840 2270 considerare,
862 2197 891 2259 si
913 2196 999 2259 illud
1012 2198 1102 2276 quod
1114 2197 1335 2271 distinximus,

262 2307 416 2369 convenit
438 2307 538 2369 rebus
561 2324 647 2385 quae
669 2313 838 2385 apparent.
873 2307 1038 2369 Ponamus
1068 2324 1147 2386 ergo
1172 2306 1230 2369 bic
1255 2308 1335 2387 flgu·
1398 2314 1405 2332 ⁴

262 2433 333 2477 ram
358 2422 578 2495 praetaxatam
606 2415 641 2475 in
668 2415 785 2477 eodem
812 2421 921 2488 statu,
943 2423 981 2477 ut
1002 2414 1268 2496 unumquodque
1296 2434 1334 2481 ex
1417 2494 1419 2498 μ

262 2524 316 2587 his
337 2530 561 2603 consequatur
582 2530 704 2586 metam
727 2540 832 2585 suam.
866 2523 914 2585 Sit
935 2541 1155 2603 unaquaeque
1176 2525 1218 2587 de
1239 2524 1335 2589 lineis

261 2636 322 2707 cd,
345 2635 389 2694 bd
411 2633 477 2710 (fid-
495 2634 551 2708 19)
575 2633 643 2694 axis
665 2631 768 2709 visus;
791 2631 998 2695 inveniemus
1022 2650 1098 2712 ergo
1120 2633 1155 2694 id
1176 2634 1270 2712 quod
1288 2641 1337 2697 est

263 2759 363 2821 super
390 2742 513 2804 lineam
542 2744 608 2803 edu
634 2759 796 2821 apparens
827 2740 860 2802 in
890 2741 964 2803 loco
987 2759 1048 2803 suo
1071 2758 1138 2821 quo
1160 2749 1233 2816 est,
1255 2742 1336 2805 illud

263 2868 338 2913 vero
368 2851 458 2929 quod
486 2868 587 2929 super
608 2849 732 2913 lineam
755 2851 842 2923 cte,
872 2851 1062 2912 invenietur
1082 2851 1117 2912 in
1140 2850 1336 2925 obicionis,

264 2977 364 3037 quam
385 2960 420 3020 iu
445 2960 565 3037 quibus
587 2959 945 3038 comprehendebatur,
960 2959 1170 3021 Manifestum
1184 2965 1341 3040 asterga.

263 3069 352 3148 quod
379 3070 492 3147 puncti
523 3071 588 3131 eda
615 3069 820 3148 apparebunt
846 3067 991 3130 iulocis
1019 3068 1141 3147 quibus
1168 3076 1270 3145 sunt,
1296 3087 1335 3133 eo

264 3177 354 3257 quod
375 3175 667 3256 perpendicularis,
689 3195 775 3256 quae
797 3178 837 3238 ab
864 3194 1067 3256 unoquoque
1090 3194 1208 3239 eorum
1228 3194 1338 3258 proce·

263 3285 324 3360 dit,
347 3285 435 3348 cadit
457 3286 497 3347 ab
522 3303 579 3347 axe
600 3287 663 3362 qd,
685 3287 742 3365 qui
766 3292 817 3347 est
838 3287 1038 3358 communis,
1061 3290 1162 3365 supet
1178 3293 1337 3365 punctum

264 3412 383 3467 unum,
397 3395 556 3473 quoniam
571 3395 753 3457 secundum
769 3394 987 3473 quantitatem
1002 3394 1176 3457 distantiae
1190 3412 1337 3461 commu·

263 3503 316 3563 nis
338 3503 387 3565 axi
405 3520 424 3563 a
439 3505 572 3583 proprio
590 3521 662 3577 axe,
677 3503 724 3567 ita
739 3504 840 3566 etiam
857 3504 919 3565 erit
933 3503 1093 3566 distantia
1103 3501 1181 3576 loci,
1199 3521 1269 3585 qno
1285 3520 1336 3567 res

264 3617 406 3690 apparet,
428 3629 448 3672 a
468 3629 545 3673 vero
567 3610 641 3673 ioco
659 3629 721 3674 suo
735 3629 849 3674 versus
865 3611 960 3675 iliam
974 3620 1111 3692 partem.
1129 3611 1337 3677 Videbantur

263 3738 340 3800 ergo
362 3737 414 3782 res
436 3720 528 3799 ipsae
543 3720 578 3781 in
594 3719 675 3782 iocis
692 3721 762 3782 suis
777 3727 910 3801 propter
925 3721 1196 3784 coniunctionem
1213 3721 1334 3785 axium.

263 3830 530 3898 Demonstratum
548 3835 597 3891 est
612 3828 723 3906 igitur,
734 3831 824 3909 quod
838 3847 1060 3909 unaquaeque
1071 3829 1213 3895 istarum
1224 3846 1336 3893 rerum

266 3944 401 4018 apparet
416 3938 451 4000 in
467 3937 542 4000 loco
557 3955 618 4001 suo
634 3956 719 4000 vere.
742 3938 834 4011 Quod
849 3945 960 4001 autem
977 3940 1008 4012 b,
1024 3949 1045 4013 t,
1060 3938 1080 3999 k
1094 3957 1165 4001 non
1180 3944 1338 4019 apparent

263 4045 299 4106 in
323 4045 402 4108 locis
425 4047 495 4109 suis
517 4065 608 4121 vere,
624 4047 697 4125 ipsa
711 4063 811 4108 causa
826 4054 875 4108 est
889 4065 989 4126 quam
1006 4046 1163 4122 diximus,
1186 4047 1336 4111 videlicet
