3278 5364
323 470 385 539 tea
427 443 454 503 ⁰

323 586 458 670 quidem
488 603 573 668 quae
601 591 689 649 recte
716 583 890 657 videntur,
918 583 956 645 iit
976 582 1147 646 diversitas
1169 599 1208 646 ex
1229 582 1390 663 positione

322 697 419 764 faciei
440 698 482 762 ad
503 697 637 770 faciem,
660 702 692 758 et
714 692 929 758 translatione
952 694 1023 757 eius
1046 700 1229 757 retrorsum
1250 701 1391 767 tantum,

321 811 406 875 sicut
427 807 743 881 demonstravimus,
772 804 862 884 quod
884 804 1001 868 accidit
1029 805 1064 866 in
1093 803 1203 867 curvis
1225 812 1259 869 et
1280 805 1388 886 planis

325 920 480 1004 speculis.
503 921 638 983 Formae
661 917 751 981 enim
774 932 907 990 rerum,
929 932 1070 995 quarum
1094 915 1253 978 distantia
1274 916 1316 979 ab
1339 933 1392 980 eo-

323 1032 399 1096 dem
419 1031 495 1094 visu
517 1029 625 1093 maior
647 1034 710 1104 est,
732 1043 865 1107 semper
885 1026 1046 1090 maiorem
1061 1026 1186 1090 habent
1200 1027 1391 1090 distantiam

323 1144 363 1207 ab
390 1143 464 1224 ipso
492 1141 584 1218 visu3
607 1139 739 1204 habitus
762 1137 852 1202 enim
873 1138 1177 1202 reverberatiouum
1198 1157 1268 1203 non
1292 1139 1391 1202 hahet

324 1253 504 1319 efficaciam
533 1251 569 1316 in
598 1249 813 1313 translatione
842 1248 1014 1312 radiorum
1035 1248 1219 1312 secundum
1240 1249 1392 1314 directio·

324 1382 422 1440 nem,
450 1363 507 1427 sed
537 1368 615 1425 tunc
645 1360 787 1424 efficitur
817 1359 988 1425 translatio
1009 1361 1160 1436 diversa,
1188 1378 1265 1424 oum
1293 1362 1399 1426 inerit·

323 1474 366 1539 ad
390 1473 542 1538 laterales
572 1477 700 1554 partes;
728 1470 877 1535 visibiles
907 1472 996 1534 enim
1025 1471 1132 1548 radii,
1164 1490 1310 1553 qnorum
1337 1473 1392 1536 nie

323 1591 374 1650 est
401 1583 557 1657 habitus,
586 1588 666 1646 sunt
692 1581 822 1645 diversi.
850 1581 938 1645 Situs
966 1601 1061 1664 ergo,
1089 1581 1148 1663 qui
1175 1582 1268 1646 verbi
1289 1565 1393 1665 gratia

323 1694 424 1760 inerit
451 1711 605 1769 sursum,
635 1693 858 1774 quandoque,
888 1693 973 1756 siout
999 1693 1320 1771 demonstravimus,
1345 1694 1391 1757 vi·

323 1806 452 1871 debitur
473 1821 606 1868 sursum
631 1804 668 1866 in
695 1803 847 1867 concavis
869 1803 1029 1883 speculis,
1057 1803 1142 1868 sicut
1162 1804 1293 1868 videtur
1314 1822 1390 1869 cnm

324 1934 376 1982 res
404 1915 506 1980 fuerit
531 1915 579 1978 ita
607 1915 735 1999 posita,
768 1915 858 1996 qnod
888 1914 994 1977 forma
1022 1913 1095 1977 eius
1123 1915 1277 1979 videatur
1304 1922 1390 1979 retro

324 2026 514 2110 speculum,
536 2025 651 2090 eterit
673 2025 759 2088 siunt
780 2043 833 2088 res
855 2030 1049 2107 quaerente
1071 2025 1215 2103 videtnr3
1238 2027 1389 2106 quando-

323 2157 387 2220 que
414 2156 491 2202 vero
520 2141 655 2217 apparet
682 2137 837 2199 deorsum
866 2135 1022 2200 translata
1050 2135 1145 2199 aliter
1170 2154 1274 2217 quam
1303 2139 1390 2219 quod

322 2257 411 2314 recte
432 2249 570 2312 videtur.
592 2250 655 2310 Res
676 2253 788 2310 autem
812 2247 941 2311 dextrae
964 2247 1162 2328 quandoque
1185 2248 1390 2328 apparentia

324 2361 372 2425 eis
400 2359 573 2433 sinistrae,
602 2357 688 2421 sicut
710 2358 828 2422 accidit
848 2358 883 2419 in
910 2357 985 2432 his,
1012 2374 1154 2439 quarum
1175 2357 1277 2422 iacies
1298 2376 1390 2424 verae

325 2479 402 2535 sunt
423 2468 520 2534 nobis
543 2469 722 2550 oppositae,
745 2468 945 2550 quandoque
967 2485 1044 2531 vero
1066 2468 1169 2544 aliter,
1190 2468 1342 2534 videlicet
1357 2469 1391 2533 in

324 2581 436 2646 dextra
456 2585 558 2662 parte.
582 2580 673 2642 Idem
695 2596 828 2660 quoque
854 2580 945 2641 visus
965 2578 1055 2642 ridet
1076 2579 1216 2644 turmam
1241 2579 1390 2645 eiusdem

324 2693 374 2756 rei
387 2691 423 2754 in
439 2689 634 2755 huiusmodi
647 2688 791 2770 speculis
814 2690 1012 2771 quandoque
1027 2707 1131 2753 unam
1145 2696 1179 2753 et
1191 2692 1390 2772 quandoque

324 2802 451 2885 plures,
473 2808 506 2865 at
527 2818 604 2864 cum
624 2799 715 2864 visus
736 2801 835 2863 luerit
857 2800 984 2863 stabilis
1002 2806 1035 2864 et
1048 2819 1116 2865 non
1138 2807 1300 2877 movetur,
1319 2802 1390 2882 qui·

322 2914 464 2978 busdam
480 2913 519 2976 de
534 2909 649 2974 iormis
663 2928 777 2974 rerum
789 2911 851 2974 erit
864 2911 1136 3019 maioqdistantia
1149 2931 1170 2976 a
1182 2912 1275 2989 risu,
1291 2930 1390 2995 quam

324 3024 396 3105 ipsa
417 3040 468 3089 res
490 3022 644 3096 videnda,
667 3021 867 3103 quibusdam
881 3040 957 3085 vero
971 3022 1090 3086 minor.
1105 3023 1266 3088 Diametri
1281 3031 1390 3089 antem
1428 3032 1432 3047 “

322 3134 504 3199 formarum
517 3132 785 3213 magnitudinum
800 3133 1014 3211 videndarum
1028 3134 1225 3215 quandoque
1239 3135 1391 3199 videntur

322 3246 409 3310 sicut
429 3243 581 3310 diametri
603 3244 742 3307 istarum
764 3260 892 3319 rerum,
915 3251 946 3308 et
967 3245 1163 3325 quandoque
1192 3245 1337 3310 maiores
1358 3252 1390 3311 ot

322 3357 519 3438 quandoque
551 3356 705 3418 minores.
738 3356 875 3435 Figurae
903 3361 1014 3419 antem
1036 3357 1256 3435 quarumdam
1277 3374 1389 3421 rerum

322 3472 479 3550 apparent
493 3465 620 3531 similes
635 3466 749 3546 figuris
764 3467 945 3530 formarum
959 3465 1151 3548 inimagine
1165 3473 1204 3530 ut
1217 3484 1387 3541 concavae,

322 3584 356 3642 et
378 3578 597 3658 quarumdam
619 3577 744 3657 figurae
767 3582 925 3658 apparent
946 3576 1124 3640 dissimiles
1146 3584 1184 3639 ut
1204 3584 1334 3654 rectae,
1359 3584 1390 3642 et

323 3688 543 3771 quarumdam
558 3687 683 3769 figurae
699 3688 898 3768 quandoque
914 3695 1073 3769 apparent
1087 3686 1225 3765 similes,
1240 3694 1274 3752 et
1289 3706 1390 3770 quau-

323 3800 431 3881 doque
454 3797 647 3874 dissimiles,
670 3804 706 3861 ut
728 3815 854 3862 curvae.
877 3799 969 3872 Quod
992 3805 1103 3863 autem
1120 3818 1158 3863 ex
1172 3799 1388 3865 sensibilitate

321 3909 545 3974 diversitatum
566 3910 708 3973 istorum
731 3910 883 3973 omnium
904 3910 956 3985 fit,
979 3918 1114 3991 apparet
1134 3912 1321 3978 secundum
1335 3931 1387 3978 se·

324 4021 493 4103 quantiam
515 4021 775 4104 praepositorum
797 4020 1044 4104 principiorum.
