3278 5364
587 633 784 701 sunno
835 633 1104 702 TERTIUS

655 885 701 956 ra
718 883 835 979 Optirs
854 883 1036 957 rbem.

356 1191 420 1253 Res
440 1188 573 1270 quidem
592 1206 676 1269 quae
693 1189 862 1262 videntur,
881 1193 914 1252 et
929 1185 1072 1267 qualiter
1087 1202 1310 1267 unaquaeque
1326 1203 1383 1251 oa·

315 1316 389 1361 rum
403 1298 542 1373 videtur,
554 1306 587 1362 et
598 1308 680 1379 quot
693 1299 800 1363 modis
814 1298 852 1360 fit
864 1296 997 1361 fallacia
1010 1296 1101 1360 visus
1112 1296 1148 1359 in
1160 1297 1385 1377 dignoscenda

313 1409 451 1473 veritate
472 1427 583 1473 rerum
603 1410 835 1484 videndarum,
856 1406 1088 1489 explicavimus
1104 1406 1140 1469 in
1155 1407 1304 1472 secundo
1318 1423 1385 1471 ser·

316 1538 415 1583 mone
436 1519 538 1583 huius
552 1518 641 1583 libri.
656 1520 702 1583 De
717 1520 814 1583 rebus
829 1526 955 1593 autem,
968 1519 1005 1582 in
1018 1518 1139 1599 quibus
1153 1518 1276 1583 accidit
1292 1534 1385 1583 error

318 1636 351 1693 et
371 1629 549 1706 dubitatio,
571 1630 649 1709 quia
671 1630 875 1693 ostendimus
897 1629 988 1711 quod
1009 1628 1173 1709 quaedam
1190 1636 1280 1704 sunt,
1295 1646 1382 1711 quae

317 1748 403 1804 recte
423 1741 591 1815 videntur,
619 1747 652 1805 et
678 1741 820 1805 breviter
846 1746 880 1805 et
907 1738 1110 1803 sufficienter
1136 1737 1212 1803 illes
1240 1737 1383 1821 explica-

316 1850 439 1928 vimus3
454 1850 618 1930 quaedam
632 1857 742 1915 autem
757 1849 911 1913 accidunt
927 1850 1109 1913 secundum
1125 1848 1326 1914 tractionem
1338 1849 1384 1913 ri·

316 1960 424 2024 sibilis
445 1961 547 2036 radii,
568 1968 602 2025 et
623 1959 708 2026 illud
727 1962 763 2023 in
785 1960 904 2025 maiori
927 1968 1015 2040 parte
1033 1959 1236 2036 notavimus;
1253 1966 1383 2023 tantum

317 2069 476 2135 debemus
487 2070 550 2134 hoc
561 2071 716 2152 persequi
725 2089 785 2151 per
793 2070 1104 2143 demonstrationes,
1116 2068 1383 2149 quibusscientia

317 2196 434 2243 corum
454 2181 571 2262 utique
593 2187 824 2255 consumetur,
838 2187 870 2243 et
883 2197 1006 2261 ponere
1027 2178 1113 2243 illud
1126 2179 1163 2242 in
1177 2196 1382 2261 unaqueque

320 2288 460 2353 duarum
482 2290 670 2370 specierum
690 2290 884 2353 huiusmodi
904 2278 1176 2370 imaginationis.¹

360 2400 442 2475 Quia
461 2399 563 2480 igitur
583 2399 688 2465 altera
708 2418 824 2465 earum
845 2406 895 2463 est
915 2400 1099 2463 secundum
1119 2401 1382 2480 penetrationem

317 2509 458 2574 risibilis
479 2511 564 2575 radii
585 2512 620 2574 in
642 2511 743 2576 rebus
771 2510 980 2592 aliquantum
1007 2511 1262 2591 resurgentibus
1288 2528 1381 2587 eum,

320 2627 354 2685 et
374 2621 412 2684 fit
432 2621 510 2685 inde
530 2619 685 2697 reflexio,
713 2622 803 2701 quod
830 2621 1021 2685 vocavimus
1049 2620 1219 2685 communi
1247 2621 1382 2685 nomine

318 2729 578 2811 penetrationem
591 2730 689 2807 radii3
705 2730 807 2794 altera
817 2749 894 2795 vero
906 2731 1032 2811 species
1045 2737 1095 2794 est
1107 2731 1144 2793 in
1157 2729 1259 2795 rebus
1271 2729 1384 2813 prohi-

317 2839 470 2902 bentibus
491 2841 773 2919 penetrationem,
800 2840 890 2904 unde
912 2840 950 2913 fit
969 2841 1189 2905 reverberatio
1209 2841 1297 2905 radii
1318 2839 1382 2905 exi-

318 2955 411 3013 stens
432 2950 471 3012 ab
494 2950 574 3030 ipsis
591 2950 691 3013 rebus
705 2950 957 3031 prohibentibus
972 2950 1246 3032 penetrationem,
1259 2958 1294 3017 et
1306 2968 1382 3015 oon·

318 3060 486 3125 euevimus
500 3058 576 3123 illas
590 3060 762 3124 nominare
779 3059 922 3141 specula,
935 3062 1029 3125 decet
1039 3079 1101 3125 nos
1113 3061 1220 3142 primo
1234 3061 1381 3142 incipere

317 3170 413 3252 loqui
428 3171 468 3235 de
486 3171 587 3234 altera
602 3171 742 3234 istarum
762 3171 902 3235 duarum
920 3172 1117 3252 specierum,
1131 3173 1281 3237 secunda
1293 3173 1380 3237 vide·

318 3280 409 3357 licet,
423 3288 456 3345 et
470 3280 579 3345 dicere
594 3282 634 3344 de
648 3280 778 3361 figuris,
794 3299 877 3363 quae
893 3281 980 3344 fiunt
993 3281 1027 3343 in
1043 3282 1218 3362 superficie
1230 3281 1379 3363 speculo·

319 3407 408 3466 rum,
422 3391 512 3472 plani
525 3390 679 3455 videlicet
693 3398 724 3455 et
738 3392 910 3473 sphaerici,
923 3392 958 3455 id
973 3399 1022 3455 est
1036 3392 1128 3455 curvi
1143 3400 1177 3455 et
1191 3393 1338 3467 concavi,
1350 3398 1380 3455 et

316 3500 358 3564 de
378 3517 417 3564 eo
439 3501 529 3581 quod
550 3509 684 3583 apparet
705 3519 743 3565 ex
764 3502 1002 3583 compositione
1024 3503 1164 3567 istarum
1185 3502 1377 3582 figurarum.

361 3609 440 3672 dum
457 3628 533 3691 ergo
547 3610 584 3672 in
599 3611 754 3675 omnibus
768 3612 878 3687 rebus,
894 3629 1034 3692 quarum
1049 3612 1187 3676 scientia
1202 3614 1380 3694 quaeritur,

318 3720 484 3802 aliquibus
506 3721 676 3802 principiis
698 3722 941 3786 universalibus
962 3723 1147 3804 indigetur,
1169 3723 1325 3790 videlicet
1344 3729 1380 3787 ut

317 3836 561 3913 praeponantur
577 3849 630 3894 res
644 3831 712 3895 sive
727 3832 759 3894 in
776 3832 894 3897 effectu
910 3834 977 3897 sive
992 3836 1029 3896 in
1043 3833 1260 3898 consistentia
1273 3840 1379 3899 cartae

317 3949 351 4005 et
368 3941 620 4017 indubitabiles,
635 3943 806 4021 exquibus
823 3951 997 4024 sequentes
1012 3945 1311 4011 demonstrationes
1324 3962 1379 4009 eu·

318 4060 465 4129 mantur3
488 4054 646 4118 debemus
662 4053 785 4130 dicere,
799 4054 887 4134 quod
904 4055 1064 4139 principia
1078 4056 1198 4136 quibus
1213 4056 1379 4136 indigetur
