3278 5364
259 547 299 606 ao

259 673 296 718 cx
318 655 389 733 ipso
413 653 541 715 effectu.
565 653 656 715 Patet
678 652 777 714 etiam
796 651 1000 729 naturaliter,
1016 652 1105 730 quod
1121 651 1248 717 formae
1267 669 1331 715 ma-

258 762 469 842 gnitudinum
492 761 726 824 continuarum
754 761 951 841 coaequales
980 768 1091 840 partes
1115 760 1330 833 habentium,

258 890 398 951 quarum
422 872 563 934 totalitas
586 871 770 950 figurarum
792 870 941 950 aequalis
963 877 1028 945 est,
1052 887 1129 932 cnm
1153 871 1278 932 fuerint
1297 870 1330 931 in

259 981 402 1060 speculis
424 981 599 1043 stabilibus
623 981 657 1041 in
681 980 799 1042 eodem
821 978 937 1041 habitu
964 986 997 1041 et
1018 997 1087 1040 non
1110 978 1236 1041 fuerint
1257 997 1330 1041 con·

259 1090 375 1163 fusae,
398 1089 521 1153 habent
543 1089 681 1152 fonnem
703 1089 805 1151 unius
823 1088 979 1166 imaginis
1004 1087 1177 1168 simplicis.
1209 1090 1247 1149 ln
1269 1089 1331 1150 situ

259 1199 350 1260 enim
371 1199 568 1262 huiusmodi
591 1216 703 1262 rerum
726 1198 899 1261 continuas
921 1204 1030 1276 partes
1047 1197 1244 1261 habentium
1266 1214 1331 1259 nou

258 1317 338 1370 suut
359 1307 445 1371 aliae
466 1315 573 1388 partes
595 1308 630 1369 in
653 1306 766 1387 aliquo
787 1307 893 1385 magis
910 1306 1107 1388 praecipuae
1120 1324 1224 1386 quam
1239 1306 1329 1371 aliae.

301 1416 459 1480 Possibile
478 1424 527 1480 est
544 1424 659 1479 autem
674 1417 771 1478 nobis
787 1434 865 1478 curn
879 1416 931 1477 his
947 1433 1032 1495 quae
1048 1416 1204 1492 diximus,
1217 1416 1331 1495 digno·

260 1543 352 1589 scere
368 1526 432 1589 hoc
447 1525 680 1588 mathematice
691 1524 843 1600 faciliter3
860 1524 1013 1587 videlieet
1023 1524 1053 1586 si
1064 1524 1331 1604 copulaverimus

260 1635 365 1698 lineas
378 1653 438 1710 aa,
452 1644 487 1714 pt
505 1634 566 1713 tfip.
582 1634 653 1710 26),
675 1640 708 1696 et
729 1634 971 1713 signaverimus
983 1652 1085 1713 super
1096 1633 1332 1697 circumferen-

259 1745 339 1806 tiam
360 1763 403 1807 az
424 1761 604 1807 concavam
618 1750 781 1824 punctum
794 1764 830 1823 y,
848 1752 882 1806 et
897 1744 1107 1822 posuerimus
1122 1744 1213 1823 qnod
1228 1743 1333 1807 forma

262 1854 335 1916 eius
360 1853 404 1915 sit
426 1870 527 1932 snper
548 1853 673 1916 lineam
695 1861 836 1924 rectam,
857 1869 943 1932 quae
960 1859 1075 1930 estqt,
1089 1859 1124 1915 et
1138 1853 1333 1931 protraxeri-

259 1981 334 2026 mus
356 1962 479 2025 lineam
502 1962 782 2042 aequidistantem
803 1961 912 2023 lineae
934 1962 995 2023 ab:
1016 1961 1080 2024 erit
1100 1962 1332 2041 proportione

261 2073 302 2134 aii
325 2090 376 2152 pc
401 2072 488 2133 sicut
511 2052 680 2152 proportio
700 2081 737 2132 ct
764 2071 807 2133 ad
832 2079 889 2148 tp,
915 2078 949 2133 et
968 2071 1138 2151 proportio
1165 2071 1212 2131 bs
1232 2070 1276 2133 ed
1300 2074 1335 2135 ia

260 2181 344 2241 sicut
365 2181 532 2259 proportio
556 2181 600 2241 lm
623 2180 664 2243 ad
685 2183 735 2253 ci,
757 2186 791 2242 et
812 2179 904 2241 linea
923 2189 959 2241 ot
984 2177 1133 2259 aequalis
1150 2177 1263 2243 lineae
1279 2181 1333 2253 bs,

261 2296 293 2350 et
308 2289 396 2350 linea
408 2297 445 2367 pt
460 2288 608 2368 aequalis
624 2289 732 2351 lineae
743 2291 791 2362 is,
803 2286 934 2351 etlinea
944 2307 987 2366 aq
998 2287 1147 2368 aequalis
1156 2288 1267 2353 lineae
1280 2291 1332 2351 la.

261 2398 327 2459 Erit
347 2415 424 2477 ergo
446 2396 538 2460 linea
550 2416 600 2479 par
622 2396 777 2478 aequalis
786 2397 894 2460 lineae
908 2399 921 2459 i
926 2416 955 2471 o,
971 2404 1006 2460 et
1018 2397 1109 2459 linea
1119 2416 1172 2479 pn
1185 2397 1335 2477 aequalis

261 2506 369 2569 lineae
403 2509 458 2587 ig.
490 2509 651 2570 Remanet
672 2524 750 2585 ergo
773 2505 862 2570 linea
893 2525 942 2584 eg
973 2506 1123 2586 aequalis
1144 2507 1332 2580 tineosos,

262 2624 295 2678 et
316 2615 406 2679 linea
422 2619 460 2696 yi
481 2617 588 2680 maior
609 2635 710 2697 quam
731 2615 822 2679 linea
839 2635 898 2679 aaa.
920 2616 991 2680 Non
1014 2634 1093 2695 ergo
1114 2617 1150 2678 iu
1173 2624 1336 2696 punctos

262 2726 431 2805 apparebit
452 2727 611 2805 formay,
634 2711 790 2789 distantia
811 2744 889 2788 vero
909 2744 931 2804 y
953 2743 973 2788 a
994 2731 1118 2804 puncto
1134 2742 1157 2787 a
1180 2732 1231 2790 est
1251 2712 1336 2791 'sicul

263 2834 421 2897 distantia
443 2853 468 2896 u
493 2842 656 2921 aupuncto
683 2854 714 2909 c,
740 2836 804 2898 erit
827 2853 904 2914 ergo
926 2834 981 2897 hic
1002 2841 1147 2915 punctus
1168 2852 1272 2916 super
1291 2835 1334 2897 li·

263 2962 361 3007 neam
384 2961 570 3007 concavam.
593 2945 751 3008 Similiter
773 2944 801 3007 si
823 2945 1035 3024 posuerimus
1048 2942 1336 3026 qualemcumque

264 3053 387 3116 lineam
410 3052 623 3134 copulantem
645 3055 728 3117 duos
750 3062 891 3134 punctos
913 3056 1048 3126 formae,
1066 3054 1276 3134 impossihile
1289 3065 1339 3119 est

262 3181 458 3244 supeream
479 3163 624 3226 incidere
646 3164 787 3226 formam
809 3163 987 3226 cuiuslibet
1009 3165 1050 3226 de
1071 3164 1342 3228 circumferentia

262 3291 376 3347 curva,
399 3290 460 3336 neo
483 3273 524 3337 de
546 3272 813 3336 circumferentia
834 3291 987 3336 concava.

305 3384 343 3444 In
356 3381 466 3463 planis
484 3381 629 3462 speculis
646 3382 776 3445 videtur
791 3381 883 3445 locus
899 3384 1025 3445 formae
1040 3383 1076 3445 iu
1091 3400 1132 3445 ea
1148 3388 1254 3463 parte,
1271 3400 1341 3465 qna·

263 3498 298 3552 et
317 3510 371 3553 res
391 3509 485 3565 vera,
508 3492 604 3555 cuius
632 3500 681 3555 est
702 3492 824 3565 forma,
847 3499 879 3555 et
899 3510 976 3555 cum
992 3510 1044 3557 res
1058 3492 1221 3556 videndae
1235 3492 1335 3556 decli·

264 3600 414 3663 naverlnt
446 3603 486 3662 ad
519 3601 665 3680 aliquam
692 3609 840 3681 partem,
864 3601 1032 3664 declinant
1053 3601 1179 3664 formae
1201 3612 1335 3675 earum,

263 3709 349 3771 siout
371 3716 505 3788 apparet
527 3711 640 3783 oculo,
667 3711 710 3772 ad
732 3711 883 3773 eamdem
905 3717 1041 3790 partem.
1074 3710 1124 3772 Sit
1144 3711 1180 3773 iu
1203 3711 1337 3791 speculo

263 3817 362 3897 plano
385 3823 473 3880 recta
496 3817 585 3881 linea
607 3821 671 3897 obp
688 3819 751 3899 (fig.
768 3820 838 3894 ill,
860 3827 894 3882 et
914 3820 1008 3882 visus
1030 3819 1073 3882 sit
1093 3822 1128 3893 d,
1150 3836 1206 3883 res
1221 3828 1337 3884 ¹autem

263 3927 405 3990 videnda
422 3944 474 3999 ez,
493 3934 526 3990 et
544 3928 765 4007 refringantur
783 3929 925 4001 avisud
941 3929 1007 3991 dno
1022 3928 1108 3992 radii
1123 3929 1166 3991 ad
1180 3929 1336 4010 aequales

264 4037 402 4114 angulos
421 4038 462 4100 ad
480 4045 619 4117 punctos
634 4056 661 4113 a,
677 4059 711 4110 z,
731 4047 763 4101 et
780 4040 938 4114 sintriae,
953 4039 1034 4112 aba,
1053 4045 1086 4100 et
1104 4038 1336 4118 protrahantur
