3278 5364
1280 544 1321 610 37

256 654 350 719 visus
372 655 473 720 sentit
492 656 719 721 universaliter
739 657 872 736 quidem
882 697 893 732 ,-
905 657 933 720 si
948 657 1049 734 locus,
1064 657 1105 721 ad
1120 655 1320 738 quem-illud

260 766 349 845 quod
367 772 515 830 mo'vetur
532 766 660 845 transit,
674 766 773 830 fuerit
786 766 999 845 insensibilis,
1013 770 1142 832 necr'es
1155 767 1321 832 videbitur

260 893 322 939 neo
343 877 446 940 motio
466 877 550 941 eius.
562 956 565 963 ¹
578 878 615 939 lit
636 876 664 940 si
686 877 749 942 hon
770 876 924 941 acciderit
943 879 978 940 in
1000 884 1200 958 unoquoque
1220 892 1321 958 parvo

259 994 407 1079 tempore
429 972 670 1076 sensibilincc
687 989 819 1069 quando
834 985 898 1052 lion
912 986 958 1064 lit,
973 987 1125 1063 sentitur,
1140 1004 1203 1052 nec
1218 1004 1322 1069 quau·

260 1104 333 1161 tum·
355 1096 456 1161 inerit
477 1097 561 1162 illud
583 1098 623 1162 dn
644 1105 813 1181 tempore,
836 1098 926 1180 quod
945 1104 1081 1163 vocatur
1101 1114 1212 1178 nunc;
1234 1096 1321 1160 nihil
1356 1167 1360 1174 ,

258 1222 338 1287 ergo
360 1208 437 1272 inde
460 1208 626 1289 apparebit
645 1210 682 1272 in
705 1215 851 1290 tempore
869 1209 1037 1285 continuo,
1052 1192 1324 1273 sedvldcbnntur
1360 1259 1363 1264 .

257 1319 385 1383 moveri
407 1312 548 1394 tantum:
565 1318 600 1382 si
620 1321 849 1400 praetermisso
870 1338 982 1397 sensu,
1004 1318 1099 1386 aliter
1117 1319 1180 1387 hon
1198 1319 1320 1385 diuine-

258 1429 366 1494 rimus
388 1446 426 1493 ex
447 1429 555 1510 primo'
575 1426 691 1495 eorum
711 1429 794 1495 loco.
1312 1480 1316 1487 -

304 1538 603 1605 Demonstravimus
631 1558 707 1621 crgo
735 1540 900 1622 quomodo
928 1540 1217 1624 comprehenditur
1244 1535 1321 1606 una·

263 1668 395 1733 quaque
417 1666 529 1715 rerum
549 1642 764 1716 videndarum
787 1667 826 1716 ex
845 1650 1065 1733 passionibus,
1088 1640 1172 1735 quae
1186 1636 1272 1715 dunt
1284 1651 1321 1715 in

260 1760 335 1825 visu
357 1769 390 1827 et
411 1761 648 1839 accidentibus,
669 1778 753 1843 quae
776 1760 856 1844 ipsis
877 1763 1085 1844 passionibus
1108 1761 1272 1839 accidunt,
1288 1769 1322 1827 et

259 1870 381 1936 sufficit
402 1872 497 1936 nobis
518 1873 607 1952 quod
627 1871 704 1938 lude
725 1872 849 1938 dictum
871 1879 930 1937 est.
952 1872 1108 1954 Sequitur
1129 1858 1240 1939 autem
1258 1871 1321 1937 boc

261 1988 301 2046 ut
321 1981 466 2064 aliquam
480 1983 725 2050 distinctionem
739 2000 901 2066 ponamus
915 1984 950 2047 in
966 1984 1222 2067 deceptionibus,
1236 2001 1321 2066 qnae

263 2093 298 2156 in
320 2093 556 2170 abominant,
577 2094 712 2159 utlnde
739 2093 905 2177 possimus
931 2093 1058 2160 solvere
1085 2095 1322 2172 dubitationes,

263 2200 348 2284 qnae
368 2207 405 2268 in
428 2205 678 2290 quaestiouibus
700 2206 853 2271 accidunt
867 2205 907 2270 de
923 2204 1060 2270 scientia
1073 2206 1267 2288 optinorum.
1288 2206 1324 2268 nt

264 2316 344 2398 quia
365 2332 492 2393 eorum,
514 2332 598 2398 quae
618 2317 654 2380 in
675 2316 756 2399 ipsis
769 2316 871 2382 rebus
886 2317 1053 2394 accidunt,
1068 2317 1230 2399 quaedam
1244 2322 1323 2381 suut

264 2442 303 2490 er
323 2427 432 2492 nausis
454 2427 687 2492 communibus
697 2424 865 2493 univeuia
880 2425 1044 2504 sensibus,-
1057 2426 1092 2494 et
1107 2427 1269 2511 quaedam
1284 2444 1323 2491 ex

261 2538 369 2602 musis
383 2538 469 2602 usui
482 2539 620 2621 propriis
633 2539 670 2602 in
684 2530 765 2621 ipsis
778 2539 877 2605 rebus
889 2556 974 2621 quae
984 2539 1146 2615 videntur,
1158 2538 1320 2620 quaedam

264 2664 341 2715 vero
360 2649 397 2712 in
417 2649 507 2725 visu
530 2657 563 2714 et
584 2649 746 2732 quaedam
762 2649 799 2715 in
814 2655 938 2727 mente,
953 2649 1091 2731 dignum
1107 2654 1157 2713 est
1172 2646 1325 2713 illud-di-

262 2759 370 2823 scerni
392 2767 424 2824 et
445 2744 551 2825 dicere
573 2761 615 2825 ds
635 2760 903 2842 deceptionibus,
930 2777 1015 2842 quae
1039 2740 1322 2839 sinticaeque

263 2868 348 2933 flunt
366 2870 404 2934 in
424 2871 507 2951 ipso·
518 2888 637 2948 sensu,
658 2878 691 2936 et
711 2886 795 2952 quae
812 2872 897 2935 liunt
910 2869 947 2935 in
963 2870 1173 2936 arbitratione
1190 2867 1321 2933 mentis.

304 2982 344 3045 ln¹
365 2980 417 3045 bis
439 2974 543 3056 anim',
565 2971 648 3063 qnae
669 2983 834 3046 universis
854 2981 1008 3047 sensibus
1025 2980 1135 3046 noram
1152 2986 1321 3058 suntuna

262 3092 360 3156 debet
378 3091 465 3156 viam
486 3092 606 3157 ascribi
627 3090 774 3172 fallacia3
803 3099 936 3174 apparet
956 3090 1105 3156 enimin
1126 3090 1174 3156 eis
1195 3078 1322 3172 aliquid

262 3221 301 3268 ex
320 3203 385 3279 bis,
407 3218 491 3284 quae
512 3203 695 3268 secundum
715 3203 901 3268 naturalem
921 3218 1056 3267 cursum
1077 3201 1164 3267 liunt
1185 3201 1223 3264 in
1248 3199 1323 3264 uni-

261 3314 414 3379 versitate
441 3313 546 3396 ipsius
573 3312 772 3389 accidentis,
801 3319 833 3380 et
857 3310 1049 3378 invenimus
1072 3311 1184 3394 plures
1205 3326 1321 3376 cauam

263 3440 378 3488 eornm
398 3422 472 3489 lieri
493 3443 532 3488 ex
552 3418 726 3506 augmento
748 3431 781 3489 et
801 3424 996 3500 minutione,
1011 3439 1095 3504 quae
1111 3412 1198 3485 liunt
1210 3438 1249 3486 ex
1261 3420 1323 3486 vir·

262 3543 330 3601 tute
351 3534 514 3614 sensibili,
533 3541 594 3622 ,eut
620 3553 658 3599 ex
684 3532 923 3600 diversitatibus
951 3533 1035 3615 quae
1063 3533 1150 3598 liunt
1176 3532 1212 3596 ln
1240 3531 1321 3616 ipsis

199 3637 202 3642 ’
263 3646 362 3712 rebus
388 3636 618 3723 sensibilibus,
647 3646 726 3711 cum
752 3646 853 3712 fuerit
880 3642 1081 3728 comparatio
1109 3644 1151 3711 ad
1178 3643 1320 3709 inv'ioem

262 3757 359 3834 ianm,
380 3757 433 3821 vel
454 3752 557 3821 altera
577 3757 677 3821 fuerit
696 3756 738 3821 ad
758 3755 844 3821 latus
866 3752 1000 3821 alterius
1021 3755 1145 3838 posita,
1167 3755 1321 3819 montac-

262 3869 341 3932 cidit
366 3869 402 3931 in
431 3854 569 3933 scientia
596 3859 780 3948 optinorum
802 3862 843 3931 de
863 3864 1107 3948 obruperatibue
1126 3862 1321 3931 virtuosae

262 3980 414 4055 invicem,
434 3978 755 4060 utrumcunque
775 3975 815 4041 da
836 3992 938 4042 causa·
956 3966 1089 4042 easdem
1108 3993 1162 4040 res
1182 3975 1322 4069 eandam

264 4088 453 4156 bisuntium
466 4089 625 4156 babentes
641 4086 775 4171 quidam
789 4086 1103 4169 videntetquidam
1116 4100 1184 4153 non
1198 4085 1321 4155 vident.
