3278 5364
262 511 302 575 tt

259 620 385 684 babent
405 620 447 683 de
470 626 590 685 natura
611 619 696 685 talia
724 621 881 694 existere,
903 625 941 682 ut
962 598 1143 700 appareant
1163 619 1252 683 visui
1275 620 1348 683 sine

264 729 401 793 lumine.
428 731 511 793 Item
539 730 619 808 quia
648 729 863 793 subsistentia
891 728 1119 801 diversitatum
1142 727 1295 803 colorum
1317 737 1349 793 et

261 837 431 918 generatio
454 857 571 905 earum
605 857 673 902 uon
701 839 739 903 fit
760 840 825 903 nisi
846 839 1031 903 seeundum
1054 839 1276 911 mutationem
1297 838 1347 903 lu·

261 948 364 1013 minis
387 955 421 1013 et
448 949 556 1023 visus,
583 956 714 1028 oportet
742 955 779 1011 ut
805 966 957 1028 corpora,
977 928 1124 1028 quorum
1145 949 1231 1013 situs
1253 967 1344 1012 unus

261 1065 297 1122 et
315 1059 405 1123 idem
426 1067 492 1136 est,
507 1061 549 1123 ad
565 1076 667 1137 unam
683 1060 869 1131 eteandem
884 1076 956 1124 rem
977 1058 1125 1131 lucidam
1147 1067 1181 1123 et
1198 1061 1343 1125 eundem

261 1169 369 1231 visum
404 1176 583 1251 appareant
615 1169 736 1233 similis
764 1169 897 1233 eoloris.
924 1170 988 1234 Nos
1014 1175 1127 1235 autem
1154 1170 1344 1235 invenimus

205 1260 209 1269 ’
262 1279 424 1343 maiorem
452 1285 580 1360 partem
605 1279 799 1346 huiusmodi
828 1296 1013 1360 corporum·
1028 1281 1069 1345 de
1091 1279 1230 1343 diversis
1260 1279 1346 1345 eolo·

266 1373 374 1461 ribus2
392 1406 455 1453 neo
468 1389 652 1469 reperimus
666 1389 731 1453 hoo
747 1382 1062 1453 innumerabilibus
1084 1390 1194 1453 rebus.
1206 1396 1344 1464 tantum,

259 1514 375 1561 verum
397 1498 497 1563 etiam
518 1498 555 1561 in
587 1514 655 1561 uua
682 1505 714 1561 et
741 1497 859 1561 eadem
873 1515 919 1561 -re
937 1497 1104 1588 subieota,
1125 1504 1284 1573 manente
1305 1497 1340 1559 is

259 1625 328 1671 uno
350 1612 384 1671 et
405 1606 522 1671 eodem
545 1607 612 1671 situ
634 1607 676 1671 ad
693 1625 765 1671 reru
779 1607 926 1671 luridam
942 1615 975 1670 et
989 1608 1114 1682 visum,
1137 1613 1255 1687 utpote
1269 1607 1339 1671 ani·

260 1717 353 1794 mal,
381 1718 471 1799 quod
497 1727 632 1781 vocatur
655 1717 871 1795 Chamaeleon,
898 1725 932 1783 et
953 1717 1055 1781 veluti
1078 1717 1228 1793 rubedo,
1255 1734 1340 1797 quae

259 1827 460 1907 quibusdam
482 1828 601 1893 aooidit
614 1846 653 1891 ex
668 1828 885 1903 verecundia,
903 1835 936 1892 et
956 1827 1064 1908 pallor
1085 1828 1146 1909 qui
1166 1827 1242 1891 aliis
1257 1827 1337 1891 soei·

258 1938 307 2001 dit
328 1955 367 2001 ex
389 1956 520 2018 pavore.
539 1939 736 2003 Hooautem
751 1937 870 2001 aooidit
883 1939 919 2001 in
934 1938 988 2000 his
1005 1937 1078 2003 sine
1096 1937 1252 2003 sensibiii
1269 1955 1339 2009 uru-

260 2049 384 2113 tatione
407 2067 447 2111 er
467 2049 548 2128 ipsis
569 2047 624 2112 vel
645 2049 744 2118 rebus
765 2048 985 2111 exterioribus
1006 2055 1203 2129 apparente,
1218 2048 1286 2111 nisi
1303 2065 1340 2113 ex

258 2159 441 2221 mutatione
463 2158 597 2221 eoloris.
619 2158 829 2239 Manifestum
850 2165 900 2233 est
922 2175 999 2237 ergo
1019 2175 1080 2238 per
1097 2174 1238 2237 eaquae
1255 2157 1337 2223 uixi·

226 2350 230 2358 ἢ
261 2286 354 2343 mua,
374 2267 465 2349 quod
484 2267 576 2331 color
596 2285 674 2335 vere
689 2269 777 2331 inest
798 2268 865 2342 bie,
884 2274 918 2333 et
939 2268 980 2339 de
1000 2275 1119 2335 natura
1140 2285 1259 2339 eorum
1280 2273 1337 2343 est,

259 2384 293 2441 et
313 2397 381 2443 non
404 2379 532 2443 videtur
552 2378 619 2441 nisi
641 2377 768 2441 lumine
786 2377 1092 2459 cooperantevisui
1106 2377 1150 2441 ad
1166 2377 1336 2455 effectum

259 2493 293 2550 et
313 2488 375 2551 hae
394 2489 437 2551 de
460 2506 574 2553 eausa·
588 2487 683 2551 linuit
709 2488 834 2551 dicenti
856 2488 987 2563 dicere,
1008 2487 1099 2569 quod
1120 2504 1188 2549 non
1211 2487 1339 2553 videtur

262 2596 389 2678 aliquid
406 2599 582 2680 proprium
603 2598 740 2663 ouiiibet
763 2598 863 2661 colori
885 2598 922 2659 iu
943 2597 1056 2677 aliquo
1079 2604 1244 2677 tempore,
1264 2613 1342 2665 oum

261 2705 348 2769 nihil
369 2724 409 2771 ex
429 2707 478 2771 eis
499 2708 572 2771 siue
594 2708 762 2773 incidente
784 2707 912 2773 lumine
942 2705 1091 2787 quolibet
1112 2706 1212 2771 modo
1225 2705 1340 2777 ‚viuer-

260 2822 333 2891 tur,
354 2822 411 2879 aut
421 2817 598 2896 ,quodlibet
609 2815 760 2881 luridum
774 2816 827 2884 vel
841 2815 1089 2897 quodammodo
1103 2814 1217 2879 simile.
1230 2815 1338 2903 ismido

260 2923 419 2988 clarificet
439 2925 566 2991 colores
581 2944 643 3007 per
658 2926 930 2991 oommixtiouem
945 2943 1042 2991 suam
1059 2924 1339 3007 oum-superflue,

261 3034 342 3116 prtia
368 3018 437 3097 ¹non
464 3019 703 3103 communiunt⁴
718 3037 754 3099 in
780 3049 899 3116 genere
921 3035 1022 3099 alioui
1045 3052 1162 3105 eorum
1181 3034 1339 3117 quaeri·

261 3145 398 3221 dentur,
424 3146 490 3209 nisi
516 3145 706 3222 coloribus3
732 3146 957 3209 eommunicet
979 3151 1090 3209 autem
1111 3145 1176 3207 sibi
1197 3145 1281 3225 ipsi,
1303 3148 1338 3207 ut

259 3255 386 3320 formae
413 3254 580 3321 ooloribus
606 3273 739 3336 quoque
771 3261 808 3317 ut
832 3257 899 3334 ψη
933 3261 967 3318 et
995 3255 1059 3319 hat
1086 3255 1129 3317 de
1156 3271 1259 3318 neusa
1286 3270 1339 3317 res

259 3365 426 3429 subiectae
448 3364 600 3433 videntur
622 3365 730 3447 magis
742 3371 775 3428 et
792 3363 904 3433 miuus
924 3382 995 3427 nou
1017 3381 1057 3429 es
1078 3362 1268 3439 diversitate
1290 3362 1335 3425 vi·

260 3469 369 3537 sibilia
391 3471 524 3537 habitus
547 3479 686 3547 tantum,
707 3489 824 3535 rerum
846 3471 947 3535 etiam
969 3489 1008 3535 ex
1030 3471 1113 3553 ipso,
1134 3476 1168 3535 et
1178 3469 1293 3563 potius
1307 3475 1340 3537 et

261 3580 484 3662 principaliter
493 3582 729 3651 exniversttats
742 3581 875 3645 habitus
887 3597 1107 3663 rerumquae
1118 3578 1338 3665 lucentvisui.

302 3691 353 3755 rit
375 3696 487 3761 autem
506 3691 572 3779 boo
594 3691 850 3773 inamoenaque
878 3691 1018 3755 istarum
1047 3690 1188 3759 duarum
1214 3689 1338 3771 spetie-

263 3818 358 3865 rum:
386 3801 584 3882 quandoque
607 3819 646 3869 ex
661 3801 848 3882 ,quantitate
869 3800 1017 3882 ipsarum
1037 3799 1214 3877 virtutum,
1236 3817 1341 3883 quau·
1370 3810 1374 3815 ·

261 3911 369 3992 doque
390 3928 470 3979 vero
484 3929 523 3985 ex
536 3909 694 3992 qualitate
716 3917 860 3977 antumn.
883 3912 926 3975 Ex
944 3908 1186 3998 diversiutibus
1201 3909 1340 3991 quidem

263 4021 453 4099 quantitatis
474 4022 678 4097 mdetutres
698 4021 829 4101 magis.
849 4021 983 4101 quando
1001 4019 1079 4103 plue
1099 4017 1219 4099 inpiati
1241 4036 1342 4103 super
