3278 5364
273 489 313 551 tt

271 606 303 662 et
325 598 575 677 congregatione
598 614 724 660 eorum.
754 597 817 661 Nec
843 602 923 659 tunc
943 595 1075 660 videtur
1096 614 1149 661 res
1171 597 1281 661 maior
1301 598 1351 662 rel

261 708 402 784 minor,
429 713 544 787 utpote
565 724 635 769 una
655 715 689 769 et
715 707 832 771 eadem
859 724 912 771 res
933 707 1103 783 subiecta,
1127 724 1230 787 super
1251 725 1351 789 quam

269 817 386 883 lumen
401 818 528 893 incidit,
544 836 611 881 non
624 817 754 881 videtur
768 818 884 898 utique
900 817 1008 881 maior
1022 825 1080 881 aut
1092 819 1206 881 minor
1218 825 1352 900 propter

268 928 519 992 multitudinem
540 927 594 992 vel
613 930 814 1009 paucitatem
832 930 919 1003 eius,
937 928 1027 1009 quod
1048 928 1128 992 inde
1149 929 1352 1009 caditsuper

268 1057 362 1116 eam,
386 1047 419 1103 et
440 1053 508 1102 non
532 1058 570 1103 ex
591 1039 819 1120 magnitudine
840 1037 893 1103 vel
915 1040 1250 1128 parvitateldiametri
1266 1039 1349 1102 eius.

268 1151 406 1232 Singula
427 1158 540 1214 autem
563 1153 704 1215 istorum
726 1151 886 1233 patebunt
908 1168 946 1214 ex
965 1151 1045 1230 ipsis
1062 1151 1163 1214 rebus
1187 1168 1349 1234 apparen-

269 1262 371 1337 tibus,
394 1261 554 1342 quoniam
578 1262 606 1324 si
629 1247 787 1326 eamdem
802 1261 1080 1342 magnitudinem,
1101 1278 1188 1341 quae
1210 1270 1302 1325 recte
1318 1270 1351 1326 et

269 1373 456 1436 secundum
483 1372 635 1437 eamdem
661 1372 888 1438 habitudinem
917 1371 1066 1449 videtur,
1094 1389 1172 1435 oum
1199 1372 1349 1452 utrisque

267 1481 373 1545 oculis
390 1484 626 1563 aspexerimus,
644 1484 750 1562 magis
766 1482 952 1546 videbimus
970 1500 1043 1545 eam
1062 1500 1164 1563 quam
1187 1500 1267 1546 cum
1279 1501 1349 1545 uuo

268 1593 381 1672 oculo,
401 1599 525 1657 etcum
541 1592 766 1675 aspexerimus
783 1611 856 1657 eam
872 1594 943 1656 sine
960 1593 1228 1675 interpositione,
1243 1593 1348 1674 magis

265 1703 440 1782 videbitur,
457 1722 558 1784 quam
574 1721 650 1767 cum
668 1703 755 1767 inter
770 1722 831 1768 nos
846 1710 880 1768 et
894 1703 988 1767 illam
1003 1703 1130 1767 luerint
1146 1702 1282 1784 aliquae
1296 1721 1347 1769 res

265 1814 418 1890 subtiles,
438 1833 522 1898 quas
539 1816 631 1878 visus
651 1821 817 1894 penetrat,
839 1822 871 1879 et
892 1813 1102 1894 aliquantum
1124 1814 1156 1877 ei
1177 1814 1345 1879 resistunt.

264 1926 329 1989 Nec
352 1934 402 1989 est
424 1926 460 1989 in
485 1925 599 2006 aliquo
622 1925 762 1989 istorum
785 1925 877 2006 quod
899 1932 1053 2006 appareat
1074 1925 1199 1989 minus.
1213 1914 1257 1988 'si
1272 1925 1347 2006 quis

263 2037 354 2115 enim
377 2035 526 2117 posuerit
547 2036 674 2116 aliquid
696 2035 835 2112 subtile,
857 2036 946 2116 quod
968 2037 1060 2099 visus
1079 2042 1243 2117 penetrat,
1259 2037 1346 2099 inter

263 2164 335 2208 rem
366 2146 512 2210 lucidam
539 2154 572 2210 et
600 2164 653 2210 res
679 2164 780 2227 super
813 2165 896 2228 quas
923 2146 1039 2210 lumen
1066 2146 1205 2221 incidit,
1231 2145 1345 2210 lumen

262 2254 378 2334 utique
400 2255 515 2317 minus
537 2254 632 2319 cadet
653 2272 754 2335 super
776 2274 850 2331 eas,
866 2272 968 2336 quam
982 2256 1094 2336 prius,
1112 2254 1172 2320 sed
1193 2274 1264 2320 non
1286 2255 1344 2319 ha-

264 2367 392 2430 bebunt
412 2365 534 2433 alterae
557 2365 738 2431 diametros
760 2366 905 2431 maiores
922 2367 1045 2431 alteris.
1067 2368 1132 2431 Res
1148 2384 1284 2447 quoque
1296 2367 1345 2431 vi·

262 2478 372 2542 denda
392 2495 471 2541 cum
492 2476 588 2541 valde
608 2496 711 2558 parva
731 2474 848 2556 fuerit,
866 2486 899 2543 et
913 2485 1045 2559 propter
1066 2478 1263 2558 parvitatem
1277 2496 1343 2543 non

259 2588 406 2663 videtur,
428 2606 491 2652 nec
513 2588 632 2653 accidit
653 2589 686 2651 ei
707 2589 786 2663 hoc,
804 2587 884 2670 quia
901 2588 1020 2659 incidit
1040 2589 1076 2653 in
1098 2589 1211 2669 locum
1232 2589 1344 2653 minu·

261 2699 363 2763 tionis
385 2698 554 2762 radiorum
575 2699 679 2761 visus.
709 2698 841 2779 Oportet
867 2705 980 2763 autem
1007 2716 1228 2779 cognoscere,
1256 2700 1345 2781 quod

261 2815 382 2873 natura
401 2807 544 2873 visibilis
566 2810 663 2884 radii,
677 2809 713 2871 in
727 2809 780 2872 bis
796 2827 882 2889 quae
896 2827 1014 2873 sensus
1029 2809 1256 2891 consequitur,
1270 2828 1345 2875 con·

262 2920 358 2982 dnus
378 2928 429 2983 est
444 2920 631 2983 necessario
648 2926 682 2984 et
695 2938 763 2983 non
780 2919 976 3001 disgregata.
990 2921 1117 2985 sivero
1132 2921 1344 3001 posuerimus

261 3030 512 3094 mathematicas
535 3031 860 3107 demonstrationes,
884 3037 916 3095 et
939 3031 1213 3097 constituerimus
1234 3033 1345 3097 radios

259 3141 350 3205 visus
367 3149 537 3220 tamquam
552 3148 658 3205 rectas
670 3140 787 3217 lineas,
800 3140 1046 3221 magnitudines
1059 3141 1177 3223 utique
1188 3160 1342 3224 magnae,

258 3270 344 3332 quae
355 3257 435 3314 sunt
446 3253 481 3314 in
494 3252 650 3316 metantis
661 3250 793 3333 aequali
805 3252 983 3316 distantiae
994 3271 1062 3347 qma
1071 3270 1193 3334 parvae
1204 3272 1258 3319 res
1272 3273 1341 3319 non

259 3363 414 3425 videntur
427 3369 562 3444 propter
575 3362 770 3444 parvitatem
789 3381 921 3438 earum,
937 3366 1142 3444 apparebunt
1155 3365 1342 3440 manifeste,
1380 3442 1383 3447 ¹

258 3472 348 3551 quod
370 3490 439 3535 non
462 3473 632 3547 acciderit,
655 3474 685 3536 si
705 3472 855 3536 visibiles
876 3473 962 3537 radii
983 3473 1019 3537 in
1042 3472 1100 3538 illo
1122 3472 1199 3538 loco
1214 3474 1343 3539 minue·

259 3588 375 3647 rentur
390 3589 424 3646 et
438 3582 712 3662 disgregarentur.
729 3583 856 3647 Similis
869 3602 1003 3667 quoque
1017 3591 1105 3649 esset
1116 3584 1166 3649 ibi
1179 3586 1341 3667 apparitio

258 3694 370 3775 magni
398 3701 432 3758 et
456 3694 571 3775 parvi,
595 3695 755 3774 quoniam
787 3713 865 3758 cum
893 3695 927 3759 id
956 3697 1046 3776 quod
1066 3697 1106 3760 de
1129 3697 1231 3760 radiis
1254 3694 1342 3761 cadit

258 3823 358 3887 super
375 3804 555 3869 diametros
571 3822 690 3868 eorum
705 3812 879 3886 portatam
894 3805 1021 3883 basem,
1033 3805 1233 3887 sinteinguli
1246 3807 1342 3881 redii,

257 3922 290 3978 et
301 3917 390 3996 qarod
408 3934 447 3981 ex
467 3932 671 3996 unoquoque
687 3916 837 3996 ipsorum
849 3916 1020 3981 radiorum
1035 3917 1339 3999 comprehenditur,

258 4024 301 4089 sit
315 4034 470 4106 punctus,
483 4035 516 4092 et
527 4045 614 4116 quae
629 4033 711 4090 sunt
722 4027 812 4091 inter
827 4027 917 4108 ipsos
933 4035 1072 4110 punctos
1088 4028 1267 4101 distantiae
1282 4027 1342 4095 ha·
