3278 5364
268 556 327 624 itt

305 670 340 734 si
362 670 452 734 enim
473 670 681 752 posuerimus
703 670 811 734 visum
834 675 994 751 punctum
1015 689 1034 734 o
1058 671 1120 751 ttip.
1138 672 1209 748 te),
1231 679 1264 735 et
1280 672 1326 735 di·

263 783 473 845 stinctionem
495 799 706 847 communem
728 781 926 862 superficiei,
949 797 1035 861 quas
1056 783 1176 845 transit
1197 799 1257 863 per
1277 801 1325 847 ra·

262 893 354 955 dium
382 893 522 956 fractum
549 899 581 956 et
608 892 816 973 superficiem
837 893 923 955 vasis
946 894 1076 956 radium
1098 893 1157 973 qui
1178 895 1325 974 procedit

263 1004 304 1067 ad
324 1004 506 1084 marginem
527 1005 615 1067 vasis
638 1004 696 1085 qui
719 1010 767 1065 ost
788 1005 824 1078 b,
846 1010 878 1066 et
899 1009 948 1065 est
968 1004 1080 1067 radius
1101 1006 1189 1080 otd3
1213 1011 1245 1068 et
1267 1022 1324 1085 po·

262 1116 425 1179 suerimus
447 1133 623 1178 nummum
645 1115 680 1177 in
703 1113 775 1178 loco
791 1136 824 1196 p,
847 1115 906 1195 qui
928 1122 977 1178 est
997 1115 1032 1176 in
1054 1115 1210 1179 inferiore
1234 1124 1324 1198 parte

261 1228 366 1302 rasis,
395 1226 557 1307 quamdiu
583 1244 641 1289 vas
663 1227 724 1289 erit
744 1243 908 1301 vacuum,
935 1243 1093 1289 nummus
1114 1227 1235 1307 utique
1256 1246 1327 1291 non

260 1335 432 1413 videbitur,
455 1339 613 1419 quoniam
633 1336 798 1401 visibilem
816 1337 956 1414 radium,
971 1337 1030 1419 qui
1047 1343 1159 1418 posset
1174 1339 1216 1401 ud
1229 1337 1327 1403 illum

261 1453 346 1512 recte
367 1449 555 1528 procedere,
577 1447 657 1528 tegit
677 1446 763 1511 illud
785 1449 874 1528 quod
895 1449 994 1511 estin
1013 1456 1103 1530 parte
1117 1450 1266 1530 punctio
1286 1450 1325 1515 ds

261 1574 392 1642 corporo
406 1559 627 1624 instrumenti.
644 1560 726 1622 Cum
741 1566 850 1622 autem
861 1559 1047 1623 infunditur
1057 1559 1092 1621 in
1103 1577 1181 1623 vase
1193 1566 1326 1626 tantum

261 1669 300 1732 de
322 1686 430 1750 aqua,
452 1685 627 1748 quousque
650 1667 840 1748 superficies
862 1669 934 1732 eius
956 1676 1101 1733 transeat
1120 1687 1180 1750 per
1201 1670 1325 1736 lineam

260 1780 336 1855 alte,
358 1779 495 1843 flectitur
516 1779 605 1842 linea
625 1780 692 1842 ott
713 1796 814 1859 super
833 1779 956 1842 lineam
969 1780 1031 1858 qli,
1055 1797 1122 1861 qua
1143 1780 1322 1846 sublimior

259 1895 309 1955 est
328 1893 393 1967 at,
421 1897 454 1954 ct
473 1890 639 1953 videbitur
658 1897 738 1952 tune
758 1891 853 1954 locus
875 1891 1006 1954 nummi
1028 1909 1126 1972 super
1147 1894 1324 1974 perpendi·

260 1999 406 2064 oularem
428 2001 595 2064 cadentem
617 2018 636 2063 a
656 2006 779 2080 puncto
800 2020 819 2081 q
841 2019 940 2081 super
959 2000 1024 2076 et,
1044 2009 1083 2065 ut
1104 2002 1323 2083 perpendicu-

260 2111 338 2174 laris
360 2112 416 2192 ttp
442 2129 526 2192 quae
547 2110 697 2191 iungitur
718 2110 825 2175 lineae
847 2112 916 2174 otti
941 2112 976 2174 in
998 2118 1120 2193 puncto
1143 2114 1180 2187 t,
1208 2113 1325 2177 eterit

239 2223 344 2286 -situs
370 2221 461 2285 illius
489 2221 578 2301 quod
598 2222 676 2285 inde
699 2229 842 2303 apparet,
859 2239 957 2303 super
973 2222 1102 2286 radium
1125 2224 1325 2304 productum

261 2352 281 2394 a
301 2334 389 2408 visu,
412 2337 444 2396 et
464 2338 551 2395 reete
573 2338 761 2396 transeunte
784 2349 841 2412 per
861 2339 1021 2412 punctum
1036 2334 1067 2408 t,
1085 2335 1144 2414 qui
1159 2339 1209 2397 est
1224 2334 1326 2397 subli-

260 2443 347 2506 mior
365 2460 443 2507 vera
462 2442 551 2505 linea
572 2449 605 2505 et
626 2443 842 2524 propinquior
863 2443 1049 2523 superficiei
1071 2461 1198 2524 aquae,
1230 2450 1263 2507 et
1283 2445 1326 2507 vi·

259 2554 390 2619 debitur
409 2553 444 2616 in
466 2558 588 2635 puncto
610 2554 637 2615 t.

301 2666 351 2728 Fit
372 2666 469 2729 etiam
491 2666 655 2743 quantitas
678 2663 845 2741 flexionis,
877 2682 962 2745 quae
984 2665 1102 2728 accidit
1122 2665 1159 2727 in
1182 2682 1271 2747 aqua
1291 2674 1323 2731 et

259 2776 345 2840 cadit
367 2778 483 2840 subtus
503 2776 626 2849 visum,
649 2777 835 2840 secundum
857 2775 942 2840 illud
955 2777 1216 2858 experimentum
1232 2780 1322 2859 quod

259 2888 296 2950 fit
316 2904 376 2968 per
400 2886 570 2967 plancam,
600 2902 700 2967 quam
729 2888 1005 2951 constitueramus
1032 2905 1163 2951 aeream
1185 2890 1228 2951 ad
1250 2906 1321 2970 per·

260 2998 436 3062 scrutanda
457 3014 496 3060 ea
516 3015 601 3078 quae
624 2998 663 3061 de
685 2997 842 3079 speculis;
871 2999 906 3060 in
930 3017 996 3080 qua
1017 2999 1240 3062 constituatur
1259 3001 1322 3064 cir·

260 3109 356 3174 culus
368 3109 455 3199 §qd
471 3107 533 3188 tfiq.
549 3107 603 3183 80)
628 3124 727 3188 super
748 3115 898 3172 centrum
912 3128 941 3185 e,
960 3117 992 3173 et
1010 3109 1241 3191 protrahantur
1255 3112 1323 3177 duo

259 3218 408 3283 diametri
430 3227 576 3283 secantes
598 3214 633 3283 s'e
656 3221 797 3284 invicem
819 3221 860 3283 ad
881 3227 985 3283 rectos
1007 3221 1155 3303 angulos,
1177 3216 1325 3286 videlicet

162 3310 171 3328 ⁸
258 3348 334 3410 aeq,
357 3332 436 3405 ted,
459 3336 493 3394 et
513 3330 678 3394 dividatur
698 3346 919 3410 unaquaeque
944 3337 1061 3412 quarta
1081 3349 1156 3413 pars
1179 3346 1239 3413 per
1259 3348 1321 3396 no·

257 3441 390 3521 naglnta
410 3445 518 3522 partes
540 3442 715 3522 aequales,
738 3449 771 3505 et
791 3447 933 3522 ponatur
955 3459 1053 3523 super
1074 3447 1229 3506 centrum
1251 3460 1320 3508 ma·

258 3552 394 3633 gnitudo
423 3551 585 3631 quaedam
613 3551 705 3615 valde
731 3570 830 3632 parva
855 3549 999 3615 colorata
1020 3551 1169 3632 quolibet
1191 3553 1322 3629 colore,

257 3668 291 3725 et
316 3660 535 3724 constituatur
562 3660 678 3741 planca
706 3668 814 3725 crecta
841 3678 939 3742 super
960 3661 1082 3743 pelvim
1103 3679 1261 3743 parvam,
1290 3668 1322 3727 et

257 3772 451 3836 infundatur
469 3770 516 3834 ibi
538 3789 624 3852 aqua
647 3771 754 3847 olara,
783 3780 815 3836 st
844 3772 884 3834 sit
912 3772 1098 3836 moderatae
1127 3773 1321 3851 quantitatis

259 3881 345 3946 visui
364 3882 582 3964 penetrabilis,
606 3882 715 3965 sitque
733 3883 838 3945 divisa
852 3882 1039 3963 superficies
1053 3882 1201 3962 plancae,
1219 3890 1323 3948 erecta

259 4011 355 4074 super
376 4009 481 4074 aquas
503 3994 710 4076 superficiem
732 3995 773 4056 ad
795 4000 899 4058 rectos
923 3994 1072 4073 angulos,
1087 3993 1248 4059 medietas
1265 4014 1321 4060 au·

259 4110 326 4166 tem
346 4103 476 4182 circuli,
498 4121 584 4186 quae
605 4110 654 4170 est
674 4106 751 4184 tqd,
772 4110 839 4168 tota
862 4104 904 4168 sit
924 4105 1011 4170 inira
1032 4122 1165 4189 aquam,
1185 4111 1218 4170 et
1235 4106 1319 4171 nihil
