3278 5364
1285 548 1324 612 45

261 660 422 741 canusque
451 667 562 724 autem
588 661 727 725 istorum
748 668 826 725 sunt
846 661 929 724 duae
951 661 1092 742 speciem
1114 658 1323 724 colorationis

260 770 351 837 enim
370 770 437 835 alia
449 770 648 853 praecedens
664 778 697 835 et
711 771 776 834 alia
789 772 1010 852 subsequens;
1032 771 1231 852 praecedens
1247 769 1323 850 qui-

252 882 336 947 dem
359 889 408 946 est
429 899 512 962 quae
535 881 572 945 fit
592 888 667 946 ante
689 900 759 946 rem
779 882 974 958 videndam;
997 883 1200 962 subsequens
1216 888 1326 944 autem

261 999 313 1056 est
337 1010 421 1073 quae
450 993 488 1057 fit
517 1000 590 1074 post
620 1012 691 1056 rem
711 993 894 1056 videndam.
925 992 1105 1056 Fractionis
1127 998 1245 1055 autern-
1261 991 1326 1055 alia

261 1103 355 1167 flexio
378 1109 410 1167 et
430 1103 496 1171 alia
517 1103 743 1168 reverberatio.
765 1103 872 1167 Flexio
889 1103 1023 1183 quidem
1039 1102 1225 1177 estimatio,
1241 1119 1325 1181 quae
1431 1131 1435 1141 =

261 1211 299 1275 fit
324 1212 461 1277 adrem
488 1212 713 1291 ‚resistentem
740 1213 959 1277 reverberatio
988 1230 1063 1275 vero
1092 1218 1143 1275 est
1170 1210 1284 1275 fractio
1307 1229 1327 1273 a

260 1341 296 1388 re
317 1323 499 1391 resistente.
520 1321 744 1386 Revolutionis
768 1340 898 1402 quoque
920 1322 985 1386 alia
999 1323 1197 1404 praecedens
1213 1327 1246 1384 et
1261 1319 1326 1384 alia

205 1472 209 1479 -
259 1434 479 1517 subsequens3
494 1432 692 1515 praecedens
707 1433 841 1513 quidem
856 1439 904 1497 est
918 1431 1106 1497 coniunctio
1121 1432 1231 1496 axium
1248 1438 1324 1495 ante

260 1562 332 1609 rem
351 1543 545 1622 videndam,
568 1543 771 1625 subsequens
798 1551 909 1608 autem
929 1550 980 1609 eat
1002 1544 1190 1608 coniunctio
1217 1542 1326 1623 axium

260 1661 347 1719 retro
369 1670 442 1718 rem
462 1654 651 1719 videndam.
999 1728 1006 1739 ⁶

301 1765 423 1831 Accidit
451 1783 528 1829 vero
546 1764 723 1831 ¹fallaciam
755 1764 827 1829 fieri
856 1783 893 1828 ex
920 1763 1086 1829 coloribus
1114 1783 1172 1846 per
1198 1763 1325 1829 colora·

260 1875 384 1945 tionem
403 1875 490 1949 visui
511 1876 714 1940 accidentem
732 1874 877 1939 aliunde.
902 1874 1063 1939 coloratio
1078 1875 1214 1956 quidem
1230 1893 1324 1955 prae-

260 1987 381 2053 cedens
401 1987 440 2071 iit
461 2004 519 2071 par
539 2005 575 2051 se
597 1968 630 2051 et
650 2004 709 2069 per
730 1993 884 2068 utrasque
903 1986 1029 2067 species
1045 1986 1229 2063 tractionis3
1245 1986 1325 2049 sub·

259 2116 401 2179 sequens
420 2106 529 2167 autem
546 2097 704 2171 coloratio
719 2097 757 2159 iit
771 2115 828 2177 per
841 2103 997 2176 utrasque
1017 2096 1144 2178 species
1155 2096 1326 2160 fractionis

259 2214 397 2273 mnium,
418 2208 468 2273 Fit
488 2208 587 2291 igitur
607 2204 986 2290 praecedens'eotoratio
1007 2225 1066 2289 per
1087 2225 1145 2282 se,
1169 2225 1246 2271 oum
1267 2207 1326 2271 diu

259 2319 495 2395 tetenderimus
517 2319 606 2401 visus
629 2326 760 2385 nostros
782 2318 825 2382 ad
846 2316 992 2398 aliquem
1013 2317 1158 2383 colorem
1172 2318 1265 2383 valde
1279 2317 1327 2383 lu·

259 2430 394 2506 aidum,
421 2435 454 2494 et
480 2406 594 2511 pbstea
619 2429 857 2511 respexerimus
880 2430 921 2493 ad
942 2429 1054 2510 aliud;
1080 2436 1160 2492 tunc
1181 2428 1272 2492 euim
1293 2429 1327 2492 id

260 2540 349 2621 quod
377 2539 534 2620 aspicitur
561 2537 741 2615 ultimum,
769 2539 898 2603 videtur
918 2539 1041 2603 habere
1064 2538 1190 2618 aliquid
1212 2540 1252 2602 de
1274 2556 1327 2602 oo·

258 2649 332 2735 lore
352 2648 464 2726 illius,
487 2648 577 2729 quod
596 2649 705 2729 primo
728 2649 790 2713 fuit
810 2650 934 2726 visum,
956 2650 1116 2730 quoniam
1137 2649 1326 2731 splendido-

259 2778 335 2825 rum
360 2759 512 2825 colorum
539 2759 708 2841 percussio
729 2760 766 2822 in
787 2760 862 2848 visu
883 2760 940 2823 diu
966 2767 1151 2841 perseverat
1172 2777 1248 2823 cum
1270 2778 1326 2836 eo,

259 2878 291 2936 et
311 2869 385 2935 ideo
406 2876 580 2955 postquam
602 2870 942 2952 taiia‘aspexerimus,
965 2889 1033 2935 non
1055 2869 1203 2935 videmus
1224 2871 1328 2935 mani·

258 2982 341 3049 ieste
364 2998 425 3067 nec
445 2979 519 3061 sine
541 2978 698 3045 laesione.
727 2981 783 3064 ,Fit
805 2981 905 3047 etiam
926 2973 1327 3062 praecedens'coloratio,

259 3109 337 3161 oum
358 3091 581 3174 aspexerimus
603 3091 729 3170 aliquid
749 3109 808 3173 per
829 3091 910 3157 telas
932 3100 1154 3173 consumptas,
1176 3092 1325 3167 subtiles,

259 3202 457 3282 sanguineae
479 3202 530 3267 vel
551 3220 749 3284 purpureas,
770 3220 849 3267 nam
870 3202 958 3267 visus
987 3203 1104 3266 transit
1127 3222 1186 3285 per
1206 3210 1325 3267 trames

260 3291 491 3377 telarum'sine
513 3313 688 3389 fractione,
711 3319 743 3376 et
768 3319 875 3395 portat
902 3330 1015 3377 secum
1040 3314 1077 3377 in
1103 3314 1243 3379 transitu
1264 3311 1325 3377 ali-

260 3423 341 3505 quid
363 3424 403 3489 de
426 3423 535 3488 colore
564 3443 675 3490 rerum
701 3442 760 3505 per
788 3442 870 3505 quas
899 3426 1034 3502 transit,
1062 3431 1094 3489 et
1118 3426 1165 3488 sic
1193 3433 1327 3509 apparet

211 3520 213 3523 ’
258 3551 311 3609 res
332 3533 391 3597 illa
411 3533 532 3600 habere
554 3535 701 3601 colorem
717 3553 842 3611 eorum,
858 3553 942 3618 quae
958 3537 1048 3600 visus
1062 3543 1218 3619 penetrat.
1234 3538 1328 3602 Prae·

258 3645 378 3717 cedens
400 3662 530 3737 quoque
552 3645 714 3712 coloratio
741 3648 926 3713 secundum
953 3648 1252 3713 reverberationem
1273 3649 1326 3725 aa,

260 3773 335 3820 oum
357 3755 529 3837 speculum
550 3757 649 3821 fuerit
671 3758 799 3836 stabile,
816 3759 961 3841 spissum
978 3767 1010 3823 et
1027 3759 1169 3825 colorem
1186 3759 1328 3841 habens;

260 3871 386 3934 colores
414 3867 504 3931 euim
531 3886 643 3933 rerum
672 3886 755 3951 quae
777 3869 931 3934 videntur
951 3887 1011 3952 per
1031 3871 1328 3937 reverberationem

260 4000 297 4046 ex
317 3979 400 4063 ipsis
422 3978 724 4061 speculisfactam,
742 3962 909 4065 'apparent
929 3981 1097 4047 commixti
1118 3999 1196 4047 cum
1216 3980 1326 4048 colore

258 4091 476 4175 speculorum.
499 4090 661 4157 coloratio
678 4099 789 4181 autem
802 4092 999 4175 praecedens
1016 4093 1051 4163 fit
1064 4112 1124 4177 per
1139 4093 1324 4174 flexionem,
