3278 5364
1268 529 1397 599 107,
1485 496 1489 504 ’

263 645 333 703 erat
359 618 613 721 sicnt'angulus
640 642 735 717 dab,
763 649 795 704 et
823 640 962 722 angulus
982 642 1050 704 aod
1076 639 1185 704 maior
1210 639 1329 721 angulo

260 751 346 829 doit,
361 757 396 814 et
408 750 671 815 circumferentia
688 753 731 815 ad
752 751 859 814 maior
872 769 973 833 quem
991 752 1255 815 circumferentia
1268 753 1330 828 at;

261 860 411 943 reliquus
439 880 516 927 vero
548 860 689 944 angulus
709 865 783 926 nott
804 863 910 926 maior
943 863 1073 943 angulo
1094 861 1222 944 reliquo
1247 880 1329 938 nor,

261 973 327 1037 erit
347 972 436 1037 linea
454 973 507 1038 ott
526 973 634 1038 maior
654 991 754 1055 quam
775 980 836 1052 zoi
857 975 919 1054 erit
944 991 1019 1055 ergo
1047 973 1134 1037 linea
1153 974 1204 1056 pb
1224 975 1329 1037 maior

260 1099 362 1164 uuam
376 1080 467 1147 linea
483 1100 544 1165 pr,
566 1083 656 1164 quod
669 1084 716 1147 ita
732 1091 793 1160 est,
812 1089 846 1148 et
860 1082 1002 1164 angulus
1016 1085 1094 1147 oab
1108 1083 1216 1147 maior
1229 1100 1328 1165 quam

257 1192 410 1274 argiuus
425 1195 509 1277 obp.
532 1195 691 1259 Remanet
713 1213 788 1276 ergo
811 1192 1039 1278 angulusnpb
1060 1194 1208 1270 obtusus,
1222 1194 1329 1258 maior

262 1303 384 1386 angulo
404 1323 478 1386 aaa
498 1311 612 1381 acuto,
634 1306 724 1387 quod
745 1306 793 1370 sic
812 1306 907 1370 debet
928 1323 1010 1370 esse.

303 1416 429 1481 Rursus
451 1421 521 1480 esto
543 1415 688 1481 circulus
702 1417 763 1498 aba
779 1417 843 1498 (fia.
861 1417 913 1494 ert
928 1417 1123 1481 constitutus
1138 1421 1239 1498 super
1251 1433 1328 1482 cen·

263 1531 353 1591 trum
373 1528 408 1604 d,
430 1532 463 1592 et
483 1527 695 1609 protrabatur
715 1527 804 1618 linea
818 1528 875 1603 bd,
896 1528 1003 1610 sitque
1016 1528 1058 1591 ad
1072 1535 1179 1592 rectos
1192 1526 1328 1609 angulos

261 1654 363 1719 super
381 1635 506 1702 bream
526 1650 603 1718 cae,
617 1645 651 1702 et
662 1643 804 1720 ponatur
816 1623 918 1703 sectio
933 1638 1049 1703 circuli
1063 1639 1173 1719 atq-in
1188 1656 1329 1703 concavo

261 1746 410 1830 speculm
421 1747 504 1813 alter
513 1767 592 1814 vero
603 1756 801 1832 punctorum
815 1749 858 1814 sit
869 1750 906 1814 in
917 1749 990 1837 loco
998 1768 1026 1827 a,
1037 1756 1071 1813 et
1082 1749 1165 1814 alter
1174 1751 1209 1813 in
1221 1749 1293 1815 loco
1303 1768 1327 1814 a.

257 1857 407 1927 'Dicimus
419 1876 496 1941 ergo
507 1860 597 1942 quod
608 1861 742 1925 nonnisi
751 1878 820 1925 una
829 1861 1047 1927 reverberatio
1057 1867 1187 1924 tantum
1197 1860 1234 1923 dt
1243 1861 1329 1926 inter

260 1977 403 2050 punctos
422 1988 452 2047 a,
471 1991 493 2035 z
513 1971 554 2036 de
575 1971 842 2037 circumferentia
861 1974 927 2052 obe
950 1972 991 2036 ad
1011 1970 1165 2054 aequales
1180 1971 1327 2053 angulos.

260 2079 432 2147 Dividetur
444 2081 546 2163 igitur
558 2100 596 2146 za
609 2100 668 2165 per
681 2084 763 2147 duas
777 2084 967 2147 medietates
978 2083 1015 2147 in
1027 2088 1148 2165 puncto
1160 2083 1192 2159 t,
1208 2091 1241 2147 et
1254 2100 1329 2164 pro-

262 2189 427 2257 ducentur
445 2193 554 2258 lineae
574 2194 658 2270 diet,
678 2197 748 2258 det.
771 2193 865 2258 Radit
886 2211 979 2275 ergo,
1000 2194 1059 2278 qui
1080 2194 1264 2274 procedunt
1286 2195 1328 2258 ad

258 2301 543 2369 circumferentias
564 2315 602 2370 at
622 2311 655 2369 et
676 2305 732 2386 bo,
752 2322 821 2368 non
842 2305 1012 2369 continent
1032 2311 1182 2368 centrum
1196 2308 1231 2380 d,
1250 2312 1283 2369 et
1299 2305 1328 2368 si

260 2412 471 2493 posuerimus
484 2416 780 2510 reverberationem
793 2435 813 2481 a
824 2422 946 2498 puncto
958 2415 987 2491 tc,
1000 2417 1111 2497 anguli
1127 2423 1224 2480 erunt
1238 2416 1327 2479 inae·
1419 2456 1423 2462 ›

262 2523 388 2605 quales.
409 2524 503 2600 Quod
522 2528 551 2590 si
576 2528 622 2612 ita
642 2545 710 2591 non
725 2533 790 2603 est,
805 2527 848 2591 sit
859 2527 1075 2592 reverberatio
1090 2527 1260 2603 volatici,
1274 2527 1329 2603 1ης

261 2639 345 2721 quta
358 2638 498 2718 ergoet
519 2644 569 2702 est
582 2639 667 2703 sicut
687 2640 741 2715 ab,
765 2645 798 2703 et
810 2636 898 2703 linea
918 2638 958 2701 etc
979 2639 1065 2703 sicut
1085 2639 1140 2715 ta,
1162 2640 1327 2721 proportio

262 2750 353 2816 enim
381 2748 517 2813 alterius
545 2750 587 2814 ad
607 2749 745 2814 alteram
773 2751 860 2814 sicut
880 2751 1234 2833 proportio-consortis
1256 2748 1327 2814 eius

262 2861 303 2925 de
321 2860 450 2926 duabus
464 2859 562 2924 lineis
582 2863 637 2937 ab,
658 2863 698 2926 ete
712 2862 753 2926 ad
774 2861 921 2937 alteram,
944 2879 983 2925 ec
1001 2861 1092 2943 quod
1110 2860 1251 2943 angerius
1265 2860 1329 2926 ate

262 2972 387 3036 divisim
419 2980 469 3037 est
492 2973 528 3035 in
557 2972 639 3037 duas
665 2973 856 3055 medietates
884 2991 943 3054 per
963 2972 1087 3037 lineam
1108 2972 1166 3048 ta,
1188 2979 1220 3036 et
1240 2971 1329 3035 linea

260 3081 308 3146 tt
320 3090 372 3147 est
387 3082 584 3158 communis,
599 3080 739 3163 angulus
754 3082 823 3144 tta
843 3083 905 3145 erit
921 3082 1005 3145 sicut
1020 3080 1159 3162 angulus
1175 3082 1240 3145 trba
1255 3099 1329 3145 acu·

261 3200 317 3257 tus
338 3193 424 3257 sicut
444 3193 602 3269 obtusus,
624 3193 714 3274 quod
741 3199 791 3257 est
819 3193 1045 3275 impossibile,
1078 3198 1112 3256 et
1137 3193 1199 3256 erit
1226 3193 1328 3273 magis

261 3304 480 3386 impossibile,
502 3305 531 3367 si
545 3304 755 3386 posuerimus
775 3303 1072 3368 reverberationem
1086 3303 1174 3367 inter
1190 3312 1329 3385 punctos

257 3415 295 3491 b,
308 3414 345 3492 t,·
366 3414 508 3496 angulus
529 3415 618 3479 eninr
640 3421 758 3479 acutus
776 3415 838 3478 erit
851 3422 931 3478 tunc
945 3413 1052 3477 maior
1065 3432 1166 3494 quam
1181 3415 1327 3479 obtusus.

265 3525 301 3591 si
313 3542 390 3590 vero
404 3525 615 3607 posuerimus
629 3526 926 3590 reverberationem
941 3525 1028 3588 inter
1042 3531 1181 3606 punctos
1197 3535 1223 3602 t,
1237 3524 1270 3602 tc,
1292 3524 1331 3589 flt

261 3653 469 3717 econverso;
490 3634 630 3720 angulus
651 3638 743 3703 enim
761 3637 899 3702 obtusus
921 3638 984 3701 erit
1003 3636 1110 3701 maior
1130 3644 1246 3716 acuto,
1267 3653 1330 3701 nec

263 3746 505 3813 meroem.
923 3723 931 3736 '

303 3856 463 3924 Similiter
483 3857 581 3923 etiam
604 3857 884 3923 demonstrabitur
900 3858 1106 3941 impossibile
1124 3876 1198 3927 esse
1216 3877 1236 3923 a
1253 3856 1331 3922 duo·

261 3966 326 4034 bus
339 3970 471 4053 punctis
484 3969 585 4033 simul
600 3970 687 4035 inter
700 3977 839 4053 punctos
849 3970 880 4051 t,
893 3981 904 4034 t
916 3970 977 4051 (fia.
991 3971 1039 4048 52)
1055 3971 1139 4036 duas
1148 3967 1331 4036 reverbera-

264 4079 370 4147 tioner
385 4081 536 4164 fleriaper
553 4081 708 4164 aequares
727 4080 865 4162 angvrlos
881 4082 923 4148 ad
938 4089 1076 4165 punctos
1091 4103 1148 4162 ιη
1163 4082 1333 4149 itavideli·
