3278 5364
469 624 691 718 AMIRATI'
718 624 930 718 EUGENII
962 624 1126 717 tituil

290 1000 829 1136 PTOLEMAEI
873 1000 1318 1150 OPTICAM,

639 1450 964 1538 tttttttlt.

597 1652 600 1656 ’
712 1674 891 1728 *rure—-

303 2151 378 2217 am
402 2128 619 2218 aitaris-en
641 2152 743 2235 opita
765 2151 934 2239 metonae
956 2151 1122 2217 nesam
1146 2153 1252 2234 nnn
1279 2159 1341 2235 pn

258 2266 416 2330 seientiam
435 2265 630 2345 diiipentibus
651 2273 681 2326 et
705 2280 812 2327 rertnn
834 2265 1093 2345 perscrutantibus
1121 2273 1269 2340 naturas,
1295 2267 1340 2329 ia·

259 2376 340 2437 baris
359 2391 436 2438 anus
456 2374 556 2437 subire
576 2383 606 2436 et
627 2373 683 2436 iiia
704 2375 740 2436 in
757 2375 909 2455 praesenti
929 2374 1006 2436 libra
1029 2374 1122 2437 iatine
1148 2375 1342 2456 interpretari

258 2503 323 2548 nen
349 2485 493 2549 reeusaui.
521 2484 730 2547 Verumtamen
756 2485 832 2563 qnia
857 2485 1001 2547 mriversa
1029 2484 1206 2563 iinpuarmn
1233 2503 1343 2564 penem

256 2587 421 2670 proprium
441 2585 549 2651 habent
576 2587 712 2661 idimna,
739 2593 768 2647 et
794 2586 917 2649 atterius
944 2587 979 2650 in
1005 2586 1136 2650 atterum
1165 2587 1340 2663 ermniatia,

259 2697 343 2776 fideii
363 2697 496 2761 manime
517 2697 692 2778 interpreti,
713 2712 778 2758 nan
797 2705 840 2759 est
860 2696 972 2774 smilis,
994 2705 1023 2759 et
1041 2700 1219 2777 praesertim
1240 2698 1340 2761 arabi·

258 2825 325 2871 eam
346 2808 381 2871 in
401 2823 538 2886 praeram
554 2815 609 2870 aut
624 2807 752 2869 tatinum
776 2809 934 2885 transferre
954 2806 1075 2881 veienti,
1094 2815 1176 2870 tanta
1189 2809 1342 2886 difficilius

259 2927 322 2995 est,
344 2926 457 2997 quanta
478 2918 578 2981 maior
598 2916 753 2980 diversitas
773 2916 855 2979 inter
875 2917 963 2994 iiius,
983 2926 1045 2980 tam
1065 2918 1216 2981 inperiis
1237 2927 1265 2983 et
1281 2937 1340 2981 na·

259 3029 414 3104 minibus,
435 3044 529 3108 quam
550 3027 584 3090 in
604 3028 729 3091 litterali
751 3027 958 3107 compositione
978 3028 1151 3111 reperitur;
1172 3030 1253 3092 unde
1267 3031 1342 3109 quia

259 3141 295 3203 in
312 3139 366 3203 hae
388 3155 474 3219 opere
495 3138 640 3219 quaedam
661 3141 736 3216 sorte
756 3155 820 3201 non
840 3140 998 3217 manifesta
1018 3149 1184 3220 apparent,
1212 3141 1340 3218 imnum

258 3250 336 3312 duni
356 3250 557 3314 intentionenr
577 3249 728 3323 auctoris,
749 3249 786 3312 ab
808 3249 927 3313 arabica
956 3250 1031 3312 libra
1059 3251 1224 3314 audentius
1249 3251 1341 3313 intei-

260 3361 385 3436 ieetmu,
407 3360 536 3425 breuiter
555 3376 722 3439 enpenere,
744 3369 779 3423 ut
802 3359 958 3423 lectoribus
978 3362 1029 3423 via
1050 3361 1144 3441 tpuim
1164 3363 1319 3441 efficiatur.
1383 3400 1386 3405 -

300 3468 337 3534 In
355 3473 456 3551 prima
477 3471 598 3550 quidem
618 3487 776 3547 sermone,
798 3473 934 3551 quamvis
954 3462 1018 3535 nan
1037 3472 1078 3535 sit
1102 3472 1264 3549 inuentus,
1290 3483 1338 3537 ta·

258 3598 328 3643 men
355 3583 434 3645 sieut
460 3583 495 3646 in
519 3582 671 3664 principia
697 3582 820 3647 semeae·
844 3583 1055 3664 enpm'mitur,
1083 3585 1255 3647 sentinetur
1281 3601 1340 3664 qua

259 3694 341 3757 uisus
360 3701 389 3757 et
409 3692 512 3757 iumen
534 3691 758 3757 eommunieant
785 3702 814 3756 et
840 3695 880 3757 ad
905 3696 1032 3759 inuicem
1058 3696 1287 3769 assimilantur,
1312 3704 1341 3758 et

258 3819 319 3882 pua
338 3801 484 3880 differ-emt
511 3805 547 3868 in
573 3805 738 3868 virtutibus
762 3812 790 3868 et
816 3803 965 3881 metitus,
990 3822 1043 3871 nee
1069 3823 1132 3869 nan
1158 3804 1339 3882 differentiae

258 3929 365 3977 earum
384 3923 413 3977 et
433 3914 605 3979 arridentia.

301 4022 339 4087 in
358 4025 485 4089 seranda
507 4035 609 4089 autem
622 4029 756 4092 sumone
771 4027 942 4092 sentinetur
955 4042 1033 4107 qnae
1048 4026 1110 4092 sint
1122 4043 1170 4091 res
1184 4025 1338 4103 videndae,
