3278 5364
260 538 300 600 711

259 654 297 709 ut
317 646 484 728 proportio
505 649 556 708 mi
577 646 618 707 ud
640 648 703 718 lrrr,
727 648 785 707 sed
807 646 846 708 irs
870 654 921 708 est
935 645 1020 708 sicut
1039 649 1092 718 td,-
1111 664 1190 726 ergo
1204 647 1257 708 mi
1271 647 1328 708 erit

257 759 346 820 sicut
364 758 422 819 ltu.
446 757 570 818 Rursus
586 755 822 836 protrahantur
839 756 1005 835 apunctis
1019 775 1048 829 z,
1063 774 1080 816 o
1096 755 1184 818 duae
1201 773 1332 835 perpen-

260 866 422 929 diculares
433 878 514 945 prr,
526 869 586 945 top
598 884 696 944 super
712 867 770 943 bp,
784 871 816 928 et
828 864 1040 928 ostendamus
1056 866 1147 945 quod
1162 871 1333 945 punctusz

259 993 361 1055 super
383 981 543 1055 punctum
565 994 584 1054 p
605 975 787 1053 videbitur,
803 982 837 1038 et
858 982 1000 1055 punctus
1020 974 1225 1055 pridebitur
1239 992 1335 1055 super

258 1092 421 1164 punctum
441 1104 476 1158 o,
498 1085 589 1164 quod
611 1085 866 1158 demonstratur,
884 1085 912 1147 si
929 1084 1175 1148 ostenderimus
1193 1084 1286 1167 quod
1299 1084 1336 1145 li·

262 1211 345 1257 neae
365 1212 428 1272 qz,
449 1212 494 1255 rr
521 1201 600 1257 suut
621 1192 797 1272 aequales,
820 1200 853 1256 et
875 1194 964 1273 quod
986 1193 1093 1258 lineae
1116 1186 1173 1273 bf,
1192 1211 1241 1275 po
1262 1199 1338 1255 sunt

263 1300 435 1382 aequalem
464 1303 618 1366 videlicet
640 1304 719 1382 quia
739 1303 908 1384 proportio
929 1303 966 1364 lrt
988 1303 1029 1365 ad
1052 1304 1088 1365 la
1110 1308 1148 1365 ut
1169 1302 1336 1383 proportio

264 1411 303 1475 irs
330 1412 372 1474 ed
396 1431 452 1490 qr,
478 1419 511 1475 et
540 1413 708 1493 proportio
731 1414 767 1474 tt
791 1413 831 1474 ad
854 1415 887 1474 ts
908 1418 944 1474 ut
966 1412 1134 1493 proportio
1157 1421 1191 1475 te
1213 1412 1257 1475 ed
1282 1430 1338 1487 ιη·

263 1522 430 1601 proportio
453 1529 564 1584 autem
587 1530 619 1583 te
641 1524 681 1584 ad
703 1541 743 1584 er
764 1523 852 1585 siout
872 1523 1042 1602 proportio
1064 1522 1103 1583 td
1124 1522 1167 1583 ad
1189 1538 1249 1595 rr,
1276 1522 1337 1583 erit

266 1631 432 1709 proportio
454 1633 492 1692 iss
504 1631 545 1694 ad
560 1648 600 1710 qa
614 1632 700 1693 sicut
713 1631 882 1711 proportio
897 1635 935 1694 td
949 1631 991 1692 ad
1005 1649 1058 1705 rr,
1074 1637 1107 1693 st
1120 1629 1335 1710 permutatim

265 1740 327 1802 erit
348 1741 517 1821 proportio
538 1740 580 1803 ks
606 1743 646 1803 ad
673 1745 713 1804 td
739 1742 827 1803 sicut
852 1740 1020 1822 proportio
1046 1759 1092 1818 qr
1118 1740 1159 1802 ad
1185 1756 1252 1813 rr,
1282 1739 1338 1802 sed

265 1846 377 1912 ltrest
397 1850 482 1913 siout
503 1855 557 1927 td‚·
579 1851 642 1913 erit
664 1869 740 1930 ergo
762 1869 808 1929 qa
828 1850 914 1912 siout
935 1868 989 1911 rr.
1011 1851 1137 1912 Iterum
1159 1848 1242 1929 quia
1263 1866 1339 1929 pro·

265 1959 373 2036 portio
393 1958 434 2021 les
454 1960 496 2022 ad
517 1963 559 2038 o(
574 1961 660 2022 sicut
681 1960 849 2041 proportio
872 1960 909 2022 tt
929 1959 969 2020 ad
985 1960 1028 2037 tf,·
1043 1957 1214 2037 proportio
1229 1964 1340 2020 autem

268 2065 306 2128 let
328 2068 367 2130 ad
390 2071 425 2147 tf
439 2067 525 2131 sieut
539 2070 706 2149 proportio
723 2077 755 2132 te
770 2068 811 2130 ed
826 2086 874 2142 eo,
890 2068 977 2129 sicut
989 2066 1156 2147 proportio
1173 2067 1212 2128 td
1225 2066 1269 2129 ad
1283 2084 1341 2145 op;

271 2175 334 2237 erit
354 2177 524 2256 proportio
546 2178 585 2239 lcs
606 2178 649 2240 ad
668 2181 704 2257 fo
726 2179 814 2241 sicut
835 2177 1001 2259 proportio
1025 2178 1062 2239 td
1083 2174 1124 2237 ad
1145 2192 1205 2254 op,
1226 2183 1342 2255 otper-

270 2286 424 2346 mutattm
446 2287 509 2348 erit
529 2287 696 2367 proportio
711 2288 749 2347 les
765 2288 806 2348 ad
827 2288 879 2363 td,
900 2286 985 2348 sicut
1003 2285 1169 2366 proportio
1183 2284 1279 2363 etad
1292 2302 1343 2363 op,

270 2393 328 2456 sed
347 2392 387 2456 les
408 2401 458 2456 ert
479 2401 517 2457 ut
538 2398 590 2469 td,
612 2392 703 2458 linea
724 2412 802 2473 ergo
816 2396 931 2474 oserlt
945 2395 1032 2457 sicut
1045 2393 1136 2457 linea
1150 2411 1203 2472 op.
1219 2394 1344 2455 Rursus

271 2511 405 2584 propter
423 2504 488 2567 hoc
510 2505 589 2584 quia
609 2505 648 2566 itt
675 2511 724 2568 est
745 2506 852 2567 maior
873 2520 975 2583 quam
996 2507 1047 2582 so,
1074 2509 1106 2566 et
1125 2502 1165 2564 lrt
1186 2504 1274 2567 sicut
1293 2503 1344 2575 ds,

272 2613 335 2676 erit
354 2614 471 2692 utique
492 2616 532 2676 ds
553 2615 660 2677 maior
681 2631 782 2693 quam
803 2633 821 2678 o
828 2634 867 2695 p,
889 2620 921 2677 et
934 2620 1078 2693 punctus
1088 2632 1110 2691 p
1127 2612 1347 2693 propinquior

275 2721 316 2782 ad
336 2728 499 2801 punctum
513 2725 543 2798 b,
560 2724 619 2802 qui
634 2730 685 2786 est
699 2723 890 2786 coniunctio
907 2724 1031 2796 axium,
1047 2738 1149 2801 quam
1163 2728 1309 2801 punctus
1319 2722 1346 2782 d.

274 2831 396 2893 Rerum
419 2849 511 2911 ergo,
534 2851 554 2894 a
577 2833 699 2913 quihus
726 2833 908 2913 procedunt
933 2829 1226 2912 perpendiculares
1252 2847 1349 2909 super

275 2956 488 3004 communem
511 2958 619 3016 exem,
634 2940 693 3003 illa
708 2943 804 3004 cuius
819 2959 915 3004 casus
932 2958 1031 3020 snper
1044 2941 1155 3020 ipsum
1172 2920 1349 3018 axem'pro·

274 3050 434 3130 pinquior
454 3059 504 3114 est
526 3053 567 3115 ad
589 3058 751 3132 punctum
773 3050 1017 3114 coniunctionis
1040 3056 1194 3112 utrorum
1216 3050 1349 3120 axium,

276 3158 406 3222 videtur
426 3162 645 3242 propinquior
666 3163 707 3225 ad
728 3178 844 3225 verum
864 3160 978 3223 locum
996 3177 1106 3234 suurn,
1125 3164 1158 3221 et
1171 3174 1260 3238 quae
1274 3164 1350 3220 sunt

275 3286 296 3331 a
317 3269 552 3343 coniunctione
573 3271 684 3332 axium
705 3270 909 3345 remotiores,
923 3269 1078 3332 videntur
1098 3268 1136 3329 in
1158 3284 1228 3329 uno
1243 3267 1350 3330 iocoa

277 3377 402 3441 maiore
425 3380 590 3442 distantia.

319 3487 526 3553 Manifestum
548 3496 599 3552 est
620 3489 719 3553 etiam
743 3507 782 3552 ex
802 3486 855 3550 his
878 3505 962 3567 quae
985 3487 1145 3561 diximus,
1164 3484 1257 3565 quod
1270 3484 1353 3546 iliud

278 3594 369 3675 quod
391 3596 429 3658 de
451 3595 558 3659 lorme
578 3597 817 3676 magnitudinis
838 3602 993 3677 apparet,
1020 3595 1123 3657 hahet
1143 3592 1352 3656 consimilem

277 3704 433 3784 liguram,
455 3723 532 3768 curn
554 3706 590 3768 iu
613 3725 686 3770 eam
709 3707 947 3787 aspexerimus,
971 3704 1030 3768 sed
1051 3703 1225 3766 diversitas
1241 3702 1307 3766 erit
1319 3701 1353 3763 in

279 3814 443 3893 positione
464 3832 525 3879 sua
546 3821 685 3878 tanturn.
703 3817 742 3878 In
756 3816 907 3878 rotundis
921 3830 1055 3894 quoque
1076 3814 1175 3876 rebus
1194 3809 1355 3890 contingit

243 3920 247 3925 ’
279 3926 314 3988 id
335 3925 424 4005 quod
446 3943 659 4006 exponemus.
692 3924 764 3988 Sint
786 3925 851 3986 duo
875 3941 949 3985 axes
971 3941 1034 4001 eq,
1057 3922 1098 4001 ip
1121 3926 1129 3995 t
1140 3920 1194 3999 fip.
1217 3921 1301 3996 iit,
1324 3924 1354 3980 et

280 4034 490 4112 protrahatur
517 4052 617 4117 super
646 4052 701 4098 eos
729 4033 995 4097 circumferentia
1018 4030 1353 4112 quomodocumque,
