3278 5364
1277 521 1339 589 105

276 641 328 701 est
346 634 435 701 inter
454 635 467 698 l
487 641 520 701 et
540 645 563 712 t,
585 641 643 699 aut
660 653 699 699 er
710 652 753 700 ea
767 653 851 718 quae
865 634 951 700 inter
965 636 996 711 b,
1009 633 1042 708 t,
1058 640 1090 700 et
1104 634 1342 699 demonstrabi-

275 764 352 817 mus
365 745 452 812 illud
468 748 505 812 in
519 747 626 828 figura
646 746 750 811 simili
770 746 880 823 modo,
902 765 970 811 uon
989 745 1108 826 accidit
1123 745 1339 827 impossibile;

275 857 389 939 anguli
408 857 500 923 enim
524 859 634 923 obtusi
661 857 782 923 debent
803 875 873 924 esse
893 858 1052 932 maiores,
1080 855 1109 921 si
1130 856 1338 938 posuerimus
1396 924 1397 927 ,
1485 851 1489 864 ’

272 968 416 1050 ligoram
436 969 472 1033 in
492 968 556 1034 boo
576 975 674 1035 statu.

280 1114 286 1121 -
315 1077 364 1147 lie
390 1079 493 1160 igitur
511 1096 621 1145 sermo
643 1098 741 1162 super
760 1079 825 1145 hoc
844 1079 1078 1163 prolongetur,
1106 1079 1267 1145 debemus·
1286 1078 1338 1143 ‹li-

274 1206 349 1255 cere
371 1190 462 1272 quod
480 1191 626 1265 circulus
647 1193 718 1256 rat
739 1191 803 1272 tir.
820 1193 873 1267 47)
896 1191 962 1254 nisi
983 1191 1142 1256 secaverit
1161 1190 1261 1255 aliam
1276 1191 1338 1254 cir·

274 1300 525 1367 ccmfenentiam
552 1318 656 1384 quam
683 1303 753 1378 bm,
776 1309 809 1367 et
826 1303 1068 1367 *transducatur
1092 1308 1233 1384 punctus
1257 1320 1277 1365 z
1303 1303 1339 1366 in

268 1409 600 1489 istomacantium
621 1413 710 1495 quod
729 1415 766 1476 in
786 1414 952 1494 praesenti
973 1414 1092 1494 figura,
1113 1412 1166 1477 vel
1187 1413 1338 1478 transdu-

273 1529 367 1591 cerm
386 1528 475 1589 exos
490 1542 578 1602 eam,
594 1525 873 1615 reverberationes
890 1525 1004 1606 utique
1023 1543 1108 1606 quae
1125 1525 1209 1589 fiunt
1226 1525 1267 1589 ad
1284 1543 1338 1589 ae·

258 1632 389 1717 quales
408 1634 549 1716 anruos
570 1652 591 1699 a
611 1637 741 1718 punctis
757 1638 789 1713 b,
804 1637 838 1712 t,
861 1643 958 1711 erunt
975 1653 1013 1700 ex
1030 1616 1158 1701 duobus
1173 1635 1254 1701 locis
1267 1641 1339 1700 tane

236 1800 240 1804 .
271 1752 345 1810 tum
359 1744 477 1814 interl
491 1745 572 1823 etl,
593 1747 622 1811 si
642 1748 961 1828 praetermiserimus
984 1747 1281 1816 circumferentiam
1296 1749 1338 1824 tt,

272 1857 432 1938 qusniam
451 1857 716 1923 circumferentia
735 1859 777 1923 ab
798 1865 867 1923 tota
888 1860 950 1924 erit
969 1860 1058 1923 infra
1078 1857 1239 1923 circulum
1255 1859 1337 1935 ἀι),

272 1975 307 2033 et
319 1968 596 2035 demonstrabitur
616 1969 719 2033 simili
740 1971 851 2047 modo,
873 1971 963 2052 quod
983 1988 1051 2034 non
1072 1970 1261 2051 refringitur
1281 1969 1340 2033 ali-
1442 1976 1445 1982 “

273 2078 574 2162 quis-reliquorum
594 2080 765 2145 radiorum
779 2081 821 2144 ad
834 2079 988 2162 aequales
1003 2078 1152 2169 angulos.
1176 2079 1210 2145 si
1226 2086 1338 2144 autem

271 2191 488 2272 pcsnemmus.
498 2190 662 2255 circulum
678 2193 748 2257 rot
762 2191 824 2272 (fic.
840 2193 892 2269 48)
917 2198 1083 2257 secantem
1104 2192 1337 2256 circumferen-

272 2299 353 2364 tiam
373 2301 409 2364 ib
434 2280 556 2378 solam,
582 2280 676 2367 locus
696 2302 810 2383 utique
838 2300 973 2367 alterius
1000 2301 1156 2367 sectionis
1182 2302 1212 2364 si
1240 2301 1339 2364 fuerit

270 2428 373 2493 super
386 2419 547 2494 punctum
561 2413 589 2489 b,
605 2412 692 2477 sicut
703 2413 740 2475 in
754 2414 919 2495 praesenti
932 2413 1052 2494 figura,
1067 2419 1124 2476 aut
1140 2413 1238 2477 fuerit
1252 2412 1339 2475 inter

270 2529 463 2603 punctura,
478 2525 517 2598 b.
538 2524 755 2589 reverberatio
776 2523 813 2587 fit
827 2525 913 2589 inter
927 2531 1066 2606 punctos
1083 2533 1110 2600 t,
1126 2524 1159 2599 l,
1181 2524 1339 2606 quoniam

270 2633 533 2699 circumferentia
552 2633 594 2698 bie
610 2634 744 2709 decidit,
767 2642 799 2698 et
814 2636 861 2699 sic
878 2654 946 2700 non
963 2637 1002 2699 fit
1021 2635 1099 2700 iude
1118 2635 1336 2711 reverberatio

270 2745 323 2809 ad·¹
341 2745 495 2828 aequales
524 2745 684 2827 anguloe3.
705 2746 969 2811 circumferentia
989 2747 1080 2814 enim
1101 2749 1143 2828 bc
1165 2748 1227 2811 erit
1248 2753 1337 2813 extra

269 2855 440 2923 circulum
461 2859 744 2923 Demonstrabitur
765 2859 864 2923 etiam
880 2860 1065 2923 secundum
1083 2879 1122 2924 ea
1140 2878 1230 2942 quae,
1243 2878 1337 2943 prae·

269 2967 453 3050 posuimus,
474 2987 543 3033 non
565 2969 639 3033 fieri
658 2968 956 3040 reverberationem
972 2971 1014 3036 ad
1030 2970 1183 3053 aequales
1198 2970 1337 3052 angrucs

270 3086 399 3162 praeter
418 3080 455 3143 in
475 3087 599 3163 puncto
621 3100 722 3163 quem
744 3084 893 3147 diximus.

310 3190 433 3255 Aoeiffit
452 3193 553 3256 etiam
574 3211 675 3276 prope
695 3196 729 3259 id
751 3195 841 3276 qnod
861 3194 987 3258 dictum
1008 3199 1072 3268 est,
1094 3211 1172 3257 cum
1193 3193 1336 3258 circulus

269 3303 342 3369 zob
363 3302 427 3384 (fic.
444 3303 500 3381 49)
524 3322 594 3369 non
617 3300 773 3371 secaverit
793 3305 955 3370 circulum
976 3306 1060 3384 abc,
1081 3312 1114 3368 et
1134 3305 1233 3368 fuerit
1253 3325 1337 3387 pun-

268 3420 379 3480 ctuse
405 3414 491 3480 inter
519 3423 659 3496 punctos
679 3437 712 3494 a,
735 3420 772 3493 1))
804 3416 841 3479 fit
863 3416 953 3487 enim
974 3434 1043 3480 una
1071 3422 1200 3480 tantum
1226 3434 1336 3481 rever·
1429 3498 1432 3502 μ

267 3524 393 3591 beratio
415 3527 458 3591 ad
478 3525 633 3609 aequales
656 3526 802 3609 angulos.
834 3530 908 3592 iisto
931 3527 1074 3592 circulus
1093 3529 1167 3593 adt
1190 3545 1259 3592 non
1281 3547 1339 3593 se·

267 3652 347 3702 cans
367 3635 529 3701 circulum
549 3639 627 3718 atq,
650 3639 756 3721 sitque
774 3639 867 3723 prius
887 3658 927 3704 se
947 3640 1033 3704 sicut
1053 3641 1105 3706 ab.
1127 3640 1336 3705 Manifestum

267 3754 422 3830 actergo
453 3766 492 3812 ex
518 3748 570 3813 bis
598 3767 685 3830 quae
709 3751 981 3834 praeposuimus,
1008 3752 1099 3835 qnod
1119 3752 1336 3817 reverberatio
1429 3737 1433 3743 ’

268 3857 332 3922 erit
359 3877 379 3924 a
407 3860 567 3941 punctob
595 3859 637 3925 cd
665 3862 818 3944 aequales
843 3863 1004 3944 angulos3
1032 3865 1211 3928 etiterum
1231 3863 1338 3931 mani·

266 3968 388 4034 festum
415 3971 497 4046 erit,
522 3971 617 4052 quodi
640 3953 713 4036 non
736 3973 774 4036 fit
793 3973 944 4039 retractio
966 3993 987 4038 a
1007 3966 1282 4039 circumferentiis
1301 3975 1339 4039 ot

266 4085 302 4147 vt
320 4098 387 4162 rm.
413 4081 508 4156 Quod
524 4087 646 4148 autem
669 4083 874 4166 impossibile
900 4086 944 4150 sit
970 4083 1042 4150 ficri
1062 4073 1294 4153 refractionem
1316 4103 1338 4151 a
1422 4167 1425 4173 .
