3278 5364
345 523 406 589 tat

343 637 454 699 radius
482 638 522 699 ab
543 655 586 715 ap
613 638 654 700 ad
675 635 827 715 aequales
856 635 1014 714 angulos,
1041 645 1074 699 et
1094 638 1136 699 sit
1157 641 1247 713 aba,
1275 646 1308 702 et
1329 658 1401 720 pro·

345 745 491 809 trahatur
520 745 797 828 perpendicularis
825 755 859 807 et
886 762 984 825 super
1009 765 1066 825 op,
1095 754 1126 808 et
1155 747 1312 828 iungatur
1338 750 1403 824 rb,

344 874 420 918 cum
445 857 544 920 fuerit
570 857 749 936 producta,
777 855 812 917 in
835 854 863 917 ic.
896 855 1045 935 Iungitur
1066 874 1141 937 ergo
1164 859 1196 920 oi
1218 865 1304 921 retro
1328 877 1402 939 spe·

343 967 473 1041 culum,
496 973 529 1030 et
549 967 627 1047 quia
648 966 788 1047 angulus
810 966 873 1030 tte
895 973 1083 1041 estractus,
1105 975 1139 1030 et
1161 967 1301 1047 angulus
1323 971 1402 1048 atr,

341 1078 399 1158 qui
420 1085 470 1140 est
490 1077 573 1140 sicut
594 1077 735 1156 angulus
758 1077 835 1150 tdk,
858 1084 907 1139 est
928 1075 1036 1139 minor
1056 1084 1166 1153 recto,
1188 1079 1308 1142 accidit
1328 1080 1401 1144 deri

340 1190 479 1251 formam
500 1208 516 1250 e
536 1189 572 1250 in
595 1188 685 1251 omni
709 1187 847 1262 circulo,
870 1205 1047 1266 perquem
1069 1189 1187 1251 transit
1207 1196 1347 1270 punctus
1369 1190 1402 1267 t,

340 1317 416 1362 cum
443 1299 582 1362 volvitur
607 1298 799 1380 superficies
820 1298 880 1360 ezir
900 1298 988 1361 circa
1008 1316 1100 1362 axem
1120 1318 1180 1375 oc,·
1202 1309 1235 1363 et
1255 1318 1333 1363 cum
1353 1318 1402 1365 re·

340 1411 522 1475 verberatio
554 1410 617 1472 ista
648 1408 832 1489 pervenerit
862 1409 903 1471 ad
935 1411 999 1484 od,
1030 1414 1062 1471 et
1090 1409 1191 1473 fuerit
1222 1410 1401 1490 producta;

340 1520 443 1584 torma
471 1520 586 1601 utique
612 1521 775 1583 videbitur
795 1520 830 1581 in
855 1519 1007 1582 universo
1030 1519 1178 1594 circulo,
1205 1521 1262 1600 qui
1287 1520 1401 1585 transit

339 1650 397 1713 per
421 1634 620 1713 punctumtt
646 1638 779 1712 propter
800 1630 1034 1694 concavitatem
1056 1630 1203 1711 speculi,
1231 1648 1307 1694 cum
1334 1632 1400 1695 axis

337 1747 383 1807 od
403 1742 503 1807 inerit
524 1742 664 1818 stabilis,
687 1748 719 1805 et
739 1740 825 1805 circa
846 1759 922 1804 eum
945 1739 1086 1804 volvitur
1099 1742 1303 1821 superficies,
1318 1760 1398 1823 quo·

337 1856 429 1918 niam
451 1854 640 1934 superficies
664 1869 747 1932 quae
771 1858 942 1914 transeunt
961 1869 1020 1932 per
1041 1870 1149 1927 axem,
1171 1869 1288 1915 omnes
1305 1860 1400 1917 erunt

337 1983 436 2046 super
457 1964 635 2047 pyramidis
657 1962 865 2042 superficiem
887 1964 928 2025 ad
948 1973 1054 2026 rectos
1070 1961 1223 2041 angulos,
1240 1964 1327 2027 sicut
1340 1982 1399 2027 su-

336 2075 507 2157 perficies,
536 2093 621 2157 quae
644 2081 815 2136 transeunt
836 2091 893 2154 per
914 2080 1043 2137 centres
1065 2073 1301 2154 sphaerarum,
1323 2081 1400 2138 sunt

337 2205 438 2267 super
460 2204 573 2249 earum
595 2184 784 2266 superficies
807 2184 847 2246 ad
870 2192 974 2247 rectos
996 2182 1147 2262 angulos.

379 2297 539 2360 Similiter
570 2297 668 2359 etiam
699 2312 774 2357 eum
804 2295 902 2357 fuerit
934 2294 1038 2375 figura
1067 2294 1188 2357 similis
1218 2297 1401 2376 pyramidi,

335 2409 431 2472 cuius
452 2408 541 2471 basis
562 2425 629 2469 non
651 2406 695 2468 sit
716 2404 876 2480 circulus,
899 2407 956 2468 sed
977 2404 1130 2467 habuerit
1150 2406 1292 2485 figuram
1309 2404 1397 2471 basii

337 2519 492 2584 arrectis
513 2518 636 2595 lineis3
664 2517 755 2579 'visus
778 2523 888 2579 antem
910 2515 1100 2595 aspicientis
1129 2515 1164 2577 in
1193 2533 1268 2579 eam
1299 2517 1399 2581 tuerit

335 2633 514 2712 dispositus
536 2629 622 2692 sicut
641 2629 675 2690 in
698 2626 905 2708 praecedenti
932 2627 1057 2706 figura,
1080 2644 1147 2689 non
1170 2626 1291 2690 accidit
1319 2634 1398 2692 tnnc

334 2742 406 2806 fleri
434 2740 728 2805 reverberationem
750 2756 770 2800 a
790 2736 935 2812 circulo,
964 2755 1025 2800 neo
1050 2737 1215 2800 videbitur
1234 2737 1342 2801 forma
1361 2740 1397 2802 in

335 2854 495 2928 circuitu,
526 2850 583 2914 sed
613 2851 651 2912 dt
680 2849 898 2912 reverberatio
931 2847 970 2910 ab
1001 2866 1069 2910 uno
1099 2855 1223 2928 puncto
1249 2867 1289 2912 ax
1315 2868 1398 2913 uno·

335 2981 467 3046 quoque
496 2961 637 3024 laterum
664 2959 808 3042 speculi,
837 2966 869 3021 et
897 2959 958 3021 erit
986 2956 1043 3020 iile
1072 2965 1233 3039 punctus,
1264 2959 1323 3040 qui
1350 2968 1398 3024 est

333 3093 431 3156 super
457 3074 580 3136 lineam
610 3072 840 3151 procedentem
868 3087 888 3131 a
913 3069 1017 3150 capite
1040 3069 1220 3150 pyramidis
1241 3070 1330 3133 inter
1352 3069 1397 3136 la·

333 3191 415 3261 tera,
438 3190 470 3249 et
491 3183 639 3247 continet
660 3199 735 3245 cum
757 3181 858 3244 latere
879 3181 967 3243 basis
984 3186 1110 3243 rectum
1128 3180 1301 3260 angulum.
1323 3168 1398 3245 Pos-

331 3295 426 3360 sibile
449 3302 500 3358 est
519 3301 630 3357 autem
652 3292 840 3374 superficies
861 3292 958 3364 istas,
975 3308 1059 3371 quae
1078 3297 1249 3353 transeunt
1263 3309 1321 3372 per
1335 3291 1395 3355 has

330 3406 494 3471 sectiones
517 3411 645 3467 tantum
660 3404 702 3466 ad
719 3408 844 3483 partem
861 3401 1122 3481 uniuscuiusque
1144 3401 1331 3481 superficiei
1352 3401 1396 3466 la·

333 3524 456 3592 terum,
477 3533 561 3596 quae
585 3514 731 3577 continet
751 3512 1063 3585 reverberationem,
1079 3511 1216 3575 transire
1230 3529 1291 3592 per
1305 3530 1394 3577 axem

331 3635 364 3692 et
385 3627 529 3691 incidere
551 3627 587 3689 in
609 3623 730 3699 locum,
752 3624 810 3685 ubi
831 3628 880 3686 est
899 3620 989 3684 visus
1007 3629 1106 3687 etres
1121 3621 1272 3698 videnda,
1287 3623 1396 3688 eterit

332 3755 490 3802 numerus
512 3754 625 3800 earum
648 3735 913 3799 sicutnumerus
935 3731 1086 3797 laterum.

374 3850 410 3912 ln
433 3846 624 3912 huiusmodi
647 3863 722 3926 ergo
744 3844 842 3908 rebus
865 3844 903 3906 nt
923 3844 1030 3907 forma
1045 3844 1094 3907 rei
1110 3862 1191 3918 una,
1213 3845 1262 3907 ita
1282 3850 1392 3909 tamen

330 3967 367 4024 ut
387 3977 454 4024 non
478 3965 617 4042 ponatur
638 3955 849 4039 principium,
866 3955 952 4036 quod
967 3973 1020 4018 res
1034 3955 1075 4018 da
1089 3972 1154 4036 qun
1166 3955 1204 4016 dt
1219 3954 1337 4033 torma,
1351 3956 1393 4019 sit

328 4086 465 4152 magna,
482 4070 540 4135 ced
557 4086 632 4134 cum
650 4067 805 4131 acciderit
818 4078 931 4130 casum
944 4066 1034 4130 visus
1048 4065 1120 4130 deri
1135 4066 1171 4128 in
1184 4065 1390 4148 superficiem
