3278 5364
1298 537 1334 599 al

256 646 364 720 Quare
383 661 470 726 quae
488 660 605 707 curvae
623 650 717 720 eunt:
731 644 1058 726 comprehenduntur
1070 661 1133 726 per
1150 646 1334 710 concavita-

257 764 325 821 tem
342 773 462 818 manus
478 755 691 829 continentis,
704 762 736 818 et
749 773 833 836 quae
846 760 924 816 sunt
933 773 1106 829 concavae,
1117 758 1336 836 comprehen-

258 867 385 930 duntur
400 883 459 945 per
477 866 673 928 curvitatem
691 883 812 929 manus
829 872 1002 928 contentae
1019 867 1058 928 ab
1074 867 1146 946 ipsa
1159 884 1204 955 re.
1227 867 1337 929 Simili

258 995 393 1057 quoque
411 977 510 1038 modo
527 976 590 1040 erit
604 974 736 1039 habitus
753 977 905 1039 omnium
921 976 1103 1055 figurarum
1118 976 1284 1056 exprimis
1299 977 1341 1039 fi·
1405 1032 1411 1042 .

260 1089 354 1167 guris
367 1088 634 1167 compositarum.
648 1087 827 1150 Sciendum
841 1093 889 1150 est
902 1093 1022 1162 autem,
1031 1088 1120 1165 quod
1130 1088 1242 1150 omnia
1253 1105 1339 1168 quae

259 1200 300 1263 de
322 1198 376 1261 bis
398 1197 624 1278 proferuntur,
647 1203 774 1279 oportet
796 1216 858 1260 nos
880 1199 1035 1261 reiterare
1054 1204 1087 1260 et
1106 1198 1225 1273 dicere,
1248 1200 1338 1280 quod

260 1309 534 1389 magnitudines,
563 1315 697 1390 propter
729 1325 813 1388 quas
842 1309 927 1370 liunt
956 1308 1188 1382 diversitates,
1218 1309 1337 1373 debent

260 1437 336 1485 csse
358 1420 444 1483 sicut
464 1419 710 1498 magnitudines
733 1416 932 1498 angulorum
955 1419 991 1480 in
1013 1419 1067 1480 his
1086 1437 1172 1510 quae
1189 1419 1339 1483 derectis

258 1529 357 1593 lineis
386 1530 585 1592 consistunt.
614 1530 823 1591 Diversitates
847 1529 1077 1609 profunditatis
1099 1529 1133 1590 in
1157 1529 1338 1609 sphaericis

260 1640 378 1720 liguris
399 1641 521 1703 debent
542 1639 664 1702 habere
690 1639 890 1718 quantitates
912 1641 1159 1720 proportionem
1181 1639 1341 1703 habentes

260 1749 454 1814 sensibilem
470 1751 524 1813 ‘ad
553 1750 760 1824 distantiam,
791 1766 877 1830 quae
905 1756 954 1812 est
975 1751 1060 1812 inter
1083 1768 1138 1813 eas
1161 1757 1194 1813 et
1214 1750 1340 1827 visum;

261 1861 342 1940 quia
355 1848 467 1923 sinon
483 1859 661 1923 habuerint
683 1859 875 1923 sensibilem
898 1861 1155 1940 proportionem,
1177 1860 1340 1923 videbun-

262 1978 318 2034 tur
339 1989 400 2046 res,
425 1988 509 2052 quae
532 1971 637 2035 r'ectas
651 1971 757 2035 lineas
773 1970 909 2044 hahent,
926 1978 964 2033 ut
978 1988 1062 2051 quae
1078 1971 1252 2035 rotundae.
1270 1972 1341 2034 Non

263 2084 354 2148 enim
377 2083 486 2151 omnis
508 2101 576 2157 res,
598 2083 634 2144 in
657 2100 723 2161 qua
746 2088 795 2146 est
817 2070 1025 2161 magnitudo,
1047 2081 1148 2144 habet
1169 2082 1341 2145 continen-

264 2200 330 2257 tem
359 2194 519 2273 angulum
548 2193 765 2267 sensibilem,
795 2193 954 2272 quoniam
981 2191 1179 2282 eminentiae
1201 2193 1341 2255 circum-

264 2305 381 2368 dantes
410 2322 502 2378 rem,
530 2321 608 2366 cum
630 2302 755 2366 fuerint
776 2303 870 2365 valde
893 2307 1058 2377 remotae,
1088 2301 1201 2384 anguli
1227 2320 1341 2366 earum

263 2414 474 2488 minuuntur,
489 2414 536 2477 ita
550 2414 641 2493 quod
655 2431 718 2476 nec
732 2413 848 2483 sentiri
863 2411 1007 2492 possunt.
1023 2412 1144 2475 Curvae
1161 2429 1294 2493 quoque
1310 2419 1343 2476 et

264 2542 427 2589 concavae
445 2523 554 2587 lineae
570 2530 602 2587 et
616 2523 807 2605 superficies
824 2524 1028 2604 apparebunt
1042 2529 1150 2586 rectae
1166 2529 1199 2585 et
1213 2521 1342 2604 planae,

265 2651 341 2699 cum
363 2633 530 2714 praedicta
556 2633 725 2715 proportio
745 2633 845 2695 luerit
861 2632 1073 2695 insensibilis.
1096 2633 1160 2696 Nec
1174 2633 1343 2712 apparebit

267 2744 461 2818 differentia,
473 2761 559 2824 quae
575 2744 609 2806 in
629 2743 777 2823 qualibet
794 2741 933 2806 istarum
946 2742 1128 2822 figurarum
1139 2749 1201 2818 est,
1212 2749 1344 2824 propter
1404 2805 1406 2808 ,

250 2841 466 2927 distantiam,
477 2861 510 2916 et
522 2854 599 2916 ideo
609 2853 760 2917 videmus
776 2853 932 2934 sphaeras
947 2853 1042 2916 nobis
1054 2853 1259 2933 propinquas
1270 2871 1342 2916 esse

266 2981 403 3040 curvas3
436 2963 578 3042 figurem
605 2968 717 3026 autem
745 2961 828 3025 solis
852 2969 884 3026 et
905 2963 1005 3026 lunae
1027 2961 1175 3041 undique
1198 2962 1344 3026 similem

267 3074 374 3150 disco,
397 3073 555 3154 quoniam
571 3073 611 3136 de
627 3073 779 3137 terminis
796 3073 965 3136 radiorum
980 3073 1082 3147 visus,
1097 3073 1156 3152 dui
1173 3075 1345 3136 continent

267 3184 406 3264 figurem
428 3182 692 3264 uniuscuiusque
715 3201 849 3256 eorum,
872 3183 910 3244 fit
930 3182 1094 3255 circulus,
1115 3183 1245 3245 medius
1267 3200 1343 3246 vero

268 3293 383 3368 radius
403 3294 446 3355 sit
465 3292 764 3374 perpendicularis,
788 3292 878 3371 quod
900 3292 1019 3355 accidit
1039 3291 1076 3353 iu
1097 3290 1247 3372 sphaeris
1263 3309 1344 3371 quo-

269 3403 650 3483 modocumquepositis.
661 3405 699 3466 ln
712 3403 817 3483 ligura
828 3408 939 3465 autern
952 3419 1037 3482 quae
1049 3401 1170 3466 similis
1183 3408 1233 3466 est
1243 3403 1345 3478 disco,

270 3534 338 3580 non
358 3515 407 3577 ita
426 3515 479 3588 fit,
501 3513 569 3577 nisi
590 3531 667 3576 curn
683 3513 783 3576 tuerit
798 3513 968 3594 oppositus
991 3520 1130 3576 tantum.
1147 3513 1196 3575 Fit
1210 3531 1344 3594 quoque

269 3625 305 3687 in
327 3624 512 3688 diversitate
528 3625 707 3705 ¹quantitas,
723 3641 798 3687 cum
814 3623 1131 3705 perpendicularem,
1146 3641 1231 3704 quae
1247 3611 1346 3704 s'uper

268 3753 340 3798 rem
360 3733 487 3808 incidit,
509 3733 717 3814 prohibuerit
731 3735 872 3797 curvitas
884 3702 946 3796 diu
964 3739 1061 3797 antea
1074 3733 1288 3814 perveniendi
1304 3734 1345 3796 ad

270 3844 522 3909 centrum.tlum
532 3843 621 3908 linea
633 3846 828 3924 enim,quae
839 3845 880 3906 ad
889 3844 1101 3924 superficiem
1111 3843 1217 3924 ipsius
1228 3843 1345 3924 sphae-

272 3959 475 4019 reeacentro
484 3954 640 4034 procedit,
649 3972 717 4016 nou
728 3953 883 4016 habuerit
894 3953 1088 4018 sensibilem
1100 3932 1346 4033 proportionem

274 4066 315 4129 ad
336 4063 660 4147 perpendicularem,
684 4063 820 4147 quaein
834 4062 1044 4146 superficiem
1065 4063 1163 4140 cadit,
1177 4069 1211 4127 et
1223 4061 1347 4128 lineam
