3278 5364
719 592 724 610 ,
1294 542 1333 603 83

258 668 282 713 a
299 649 377 710 visu
397 647 504 710 maior
526 655 587 724 est,
610 649 771 712 maiorem
792 631 892 712 liabet
914 649 1121 724 distantiam,
1145 643 1259 731 utpote
1281 669 1335 714 res

258 775 345 838 quse
367 774 443 821 vere
465 757 632 833 videntur,
658 765 783 838 quanto
807 758 1013 837 elongantur,
1030 764 1122 822 tanto
1139 761 1335 823 remotiores

258 873 418 946 apparent
439 866 538 941 visui,
559 867 650 946 quod
666 866 704 930 tit
720 867 905 930 secundum
925 869 1143 946 quantitatem
1165 870 1335 947 augmenti

259 974 479 1054 longitudinis
501 976 683 1038 radiorum.
723 977 761 1038 In
788 975 898 1055 planis
919 982 1029 1039 autem
1051 975 1216 1057 speculis,
1248 978 1334 1039 sicut

262 1085 485 1164 exposuimus,
507 1093 667 1164 apparent
688 1085 863 1147 distantiae
886 1084 1156 1163 magnitudinum
1173 1087 1208 1148 in
1224 1087 1335 1159 rehus,

235 1267 237 1270 y
257 1211 345 1272 quae
365 1211 443 1256 vere
465 1200 498 1254 et
518 1199 606 1255 recte
624 1194 788 1267 videntur,
804 1193 890 1255 sicut
903 1200 1064 1273 apparent
1078 1194 1114 1255 in
1129 1194 1235 1257 forma
1249 1213 1333 1274 quae

259 1301 393 1365 videtur·
414 1308 447 1364 et
472 1302 508 1363 in
530 1300 605 1364 loco
626 1320 704 1379 suo,
729 1309 761 1364 et
786 1302 852 1364 nisi
873 1302 936 1365 hae
960 1303 1227 1377 constitutiones,
1250 1322 1332 1382 quas

232 1410 494 1490 exposuimus,
523 1410 647 1472 luerint
675 1412 887 1484 observatae,
918 1410 1005 1473 nihil
1034 1412 1204 1491 apparebit
1234 1413 1331 1474 nohis

260 1519 373 1583 initis
400 1537 486 1598 qrrae
506 1525 594 1582 recle
616 1520 766 1581 videmus
794 1520 904 1582 simile
927 1519 996 1595 eis,
1022 1539 1107 1600 quae
1121 1521 1164 1582 'in
1188 1520 1332 1601 speculis

258 1635 442 1710 apparent,
471 1627 500 1690 si
522 1628 624 1691 etiam
646 1627 802 1708 aequales
823 1628 963 1708 angulos
993 1629 1250 1704 subtenderent,
1278 1637 1336 1692 aut

259 1752 370 1803 Qum
395 1744 428 1801 et
449 1737 596 1803 eundem
616 1736 795 1816 angulum,
822 1739 909 1801 sicut
929 1738 966 1799 in
987 1739 1260 1817 praecedentibus
1283 1739 1337 1800 de·

261 1842 529 1913 monstravimus.
563 1847 808 1909 Constituamus
834 1865 911 1926 erge
941 1863 1214 1926 unamquamque
1242 1849 1336 1927 posi-

264 1956 414 2032 tionem,
437 1974 658 2036 superquam
685 1973 738 2019 res
764 1964 955 2036 ponuntur,
987 1962 1132 2035 reclam3
1164 1975 1222 2036 per
1249 1956 1337 2019 lianc

264 2065 359 2131 enim
379 2055 580 2146 positionem
598 2064 884 2155 solamipossihile
906 2071 958 2130 est
978 2065 1043 2154 hoc
1058 2072 1091 2128 et
1105 2065 1140 2129 in
1157 2049 1338 2146 sphaericis
1379 2112 1395 2142 ,

262 2169 408 2255 speculrls
428 2192 497 2238 non
519 2175 642 2239 differri
664 2192 729 2237 nec
747 2175 934 2238 defraudari
955 2172 991 2237 in
1013 2175 1113 2237 rebus
1130 2174 1283 2238 videndis
1306 2183 1339 2239 et

261 2285 379 2375 lormis‘
397 2302 521 2348 earum·
538 2285 579 2348 ab
600 2283 754 2364 hisquae
769 2284 922 2347 diximus.
944 2270 1006 2346 Res
1022 2301 1155 2364 quoque
1171 2302 1256 2364 quae
1271 2304 1339 2348 non

265 2394 315 2483 ite
334 2411 378 2463 se,
392 2393 531 2468 habent,
552 2411 615 2456 nec
629 2392 735 2457 lacilis
757 2400 807 2455 est
828 2393 861 2454 in
886 2393 935 2456 eis
956 2391 1174 2467 ratiocinatio,
1190 2384 1252 2455 nec
1272 2394 1340 2456 exi·-

262 2508 357 2569 slunt
386 2503 474 2569 sicut
500 2501 667 2577 diximus,
692 2508 820 2564 rectam·
844 2519 922 2565 vero
959 2502 1158 2582 positionem
1189 2502 1336 2565 dicentes

262 2611 364 2681 illam.
379 2612 552 2687 sesamae,
575 2617 612 2674 ut
633 2608 773 2673 visibilis
795 2610 923 2683 radius,
945 2610 1004 2691 qui
1024 2611 1114 2673 cadit
1134 2610 1170 2672 in¹
1189 2611 1337 2674 medium

265 2721 392 2797 lineae,
408 2740 494 2803 quae
515 2720 648 2802 copulat
662 2729 820 2800 utrosque
837 2721 997 2784 terminos
1015 2721 1208 2801 quantitatis
1222 2722 1271 2784 rei
1285 2724 1338 2783 vi-

262 2831 402 2904 dendae,
422 2831 592 2896 conducat
612 2847 689 2892 cum
711 2847 750 2891 eo
774 2829 856 2892 duos
879 2829 1015 2909 angulos
1037 2837 1155 2903 rectos,
1172 2837 1205 2893 et
1219 2830 1339 2894 hicest

263 2942 347 3005 situs
372 2940 544 3013 adversus,
567 2939 624 3020 qui
646 2938 685 3000 lit
705 2939 890 3003 secundum
911 2939 1164 3019 oppositionem.
1192 2939 1338 3002 llicimus

260 3055 374 3119 autem
395 3048 570 3113 discutias
591 3046 761 3127 aequales,
783 3064 860 3110 cum
882 3065 981 3127 super
998 3048 1147 3110 medium
1161 3047 1336 3117 linearum.

262 3175 347 3238 quae
369 3158 526 3237 copulant
546 3157 707 3220 terminos
724 3156 994 3236 magnitudinum
1009 3157 1239 3230 videndemm,
1255 3175 1335 3237 pro·

263 3265 414 3345 sederint
432 3285 456 3332 a
474 3268 550 3331 visu
570 3267 727 3346 aequales
747 3265 844 3328 radii.
899 3300 906 3310 -
1062 3347 1065 3351 ⁴

306 3377 391 3443 usu·
404 3375 501 3441 linea¹
515 3383 604 3440 recta
623 3376 688 3455 obp
711 3375 772 3454 tfip.
790 3375 843 3449 25)
867 3374 902 3435 in
924 3372 1024 3453 pleno
1040 3373 1186 3454 speculo,
1201 3375 1337 3437 elvisus

266 3485 310 3547 sit
328 3487 365 3560 d,
386 3484 588 3559 linearem,
610 3503 694 3566 quae
716 3483 1027 3565 copulatutrosque
1049 3483 1209 3547 terminos
1227 3484 1276 3546 rei
1292 3484 1339 3545 vi·

265 3594 393 3661 dandae
414 3613 468 3669 cz,
491 3602 524 3658 et
543 3595 665 3658 haheat
681 3595 798 3670 situm,
813 3599 942 3657 uicum
955 3592 1238 3673 perpendicularis
1253 3613 1337 3673 quae

267 3710 316 3766 est
338 3705 397 3778 bd,
419 3704 577 3783 producta
591 3704 691 3766 fuerit
704 3703 747 3766 ad
760 3703 885 3766 lineam
900 3721 962 3781 ap„
975 3701 1098 3765 dividat
1113 3719 1185 3764 eam
1205 3702 1240 3764 in
1257 3703 1338 3765 duas

267 3813 421 3893 aequales
442 3819 560 3892 partes,
584 3820 617 3877 et
635 3813 718 3875 haec
739 3820 789 3875 est
808 3812 929 3892 positio
953 3811 1137 3875 secundum
1161 3810 1337 3891 oppositio·

266 3941 364 3989 neme,
377 3922 610 4003 Reiringantur
632 3940 763 4003 quoque
785 3921 867 3987 radii
892 3922 1105 4001 procedentes
1123 3921 1164 3982 ad
1179 3919 1336 3999 aequales

268 4031 406 4112 angulos
429 4048 528 4112 super
548 4051 622 4104 aa,
652 4038 688 4092 ut
717 4033 776 4105 aa,
793 4032 977 4125 lte,dt,ts,
1006 4036 1037 4091 et
1064 4028 1297 4108 protrahantur
1320 4049 1338 4091 a
