<?xml version="1.0" encoding="UTF-8"?>
<!DOCTYPE html PUBLIC "-//W3C//DTD XHTML 1.0 Transitional//EN"
    "http://www.w3.org/TR/xhtml1/DTD/xhtml1-transitional.dtd">
<html xmlns="http://www.w3.org/1999/xhtml" xml:lang="en" lang="en">
 <head>
  <title>
</title>
<meta http-equiv="Content-Type" content="text/html;charset=utf-8" />
  <meta name='ocr-system' content='tesseract 3.04.00' />
  <meta name='ocr-capabilities' content='ocr_page ocr_carea ocr_par ocr_line ocrx_word'/>
</head>
<body>
  <div class='ocr_page' id='page_1' title='image "./lotticadiclaudi00eugegoog_0082.png"; bbox 0 0 3278 5364; ppageno 0'>
   <div class='ocr_carea' id='block_1_1' title="bbox 253 509 1370 3467">
    <p class='ocr_par' dir='ltr' id='par_1_1' title="bbox 253 509 1370 2785">
     <span class='ocr_line' id='line_1_1' title="bbox 1152 509 1367 574; baseline -0.014 0"><span class='ocrx_word' id='word_1_1' title='bbox 1152 570 1154 574; x_wconf 74' lang='grc'><strong>,</strong></span> <span class='ocrx_word' id='word_1_2' title='bbox 1328 509 1367 571; x_wconf 77' lang='grc'><strong>15</strong></span> 
     </span>
     <span class='ocr_line' id='line_1_2' title="bbox 288 617 1369 700; baseline 0.001 -21"><span class='ocrx_word' id='word_1_3' title='bbox 288 617 390 681; x_wconf 85' lang='lat' dir='ltr'><strong>beant</strong></span> <span class='ocrx_word' id='word_1_4' title='bbox 410 617 676 696; x_wconf 77' lang='lat' dir='ltr'><strong>magnitudines,</strong></span> <span class='ocrx_word' id='word_1_5' title='bbox 697 635 765 681; x_wconf 92' lang='lat' dir='ltr'><strong>non</strong></span> <span class='ocrx_word' id='word_1_6' title='bbox 789 617 887 682; x_wconf 87' lang='lat' dir='ltr'><strong>debet</strong></span> <span class='ocrx_word' id='word_1_7' title='bbox 906 618 1010 681; x_wconf 90' lang='lat' dir='ltr'><strong>videri</strong></span> <span class='ocrx_word' id='word_1_8' title='bbox 1032 618 1066 680; x_wconf 92' lang='lat' dir='ltr'><strong>id</strong></span> <span class='ocrx_word' id='word_1_9' title='bbox 1087 619 1177 700; x_wconf 94' lang='lat' dir='ltr'><strong>quod</strong></span> <span class='ocrx_word' id='word_1_10' title='bbox 1193 625 1242 682; x_wconf 90' lang='lat' dir='ltr'><strong>est</strong></span> <span class='ocrx_word' id='word_1_11' title='bbox 1262 618 1298 682; x_wconf 89' lang='lat' dir='ltr'><strong>in</strong></span> <span class='ocrx_word' id='word_1_12' title='bbox 1320 619 1369 682; x_wconf 91' lang='lat' dir='ltr'><strong>di·</strong></span> 
     </span>
     <span class='ocr_line' id='line_1_3' title="bbox 289 725 1369 819; baseline 0.002 -31"><span class='ocrx_word' id='word_1_13' title='bbox 289 725 444 804; x_wconf 89' lang='lat' dir='ltr'><strong>stantiis,</strong></span> <span class='ocrx_word' id='word_1_14' title='bbox 473 729 552 808; x_wconf 91' lang='lat' dir='ltr'><strong>quia</strong></span> <span class='ocrx_word' id='word_1_15' title='bbox 572 727 685 791; x_wconf 87' lang='lat' dir='ltr'><strong>radius</strong></span> <span class='ocrx_word' id='word_1_16' title='bbox 707 727 846 819; x_wconf 87' lang='lat' dir='ltr'><strong>visibilis</strong></span> <span class='ocrx_word' id='word_1_17' title='bbox 868 746 938 792; x_wconf 91' lang='lat' dir='ltr'><strong>non</strong></span> <span class='ocrx_word' id='word_1_18' title='bbox 960 728 1046 792; x_wconf 92' lang='lat' dir='ltr'><strong>cadit</strong></span> <span class='ocrx_word' id='word_1_19' title='bbox 1068 746 1167 809; x_wconf 87' lang='lat' dir='ltr'><strong>super</strong></span> <span class='ocrx_word' id='word_1_20' title='bbox 1188 727 1284 806; x_wconf 90' lang='lat' dir='ltr'><strong>illas;</strong></span> <span class='ocrx_word' id='word_1_21' title='bbox 1307 746 1369 793; x_wconf 90' lang='lat' dir='ltr'><strong>nec</strong></span> 
     </span>
     <span class='ocr_line' id='line_1_4' title="bbox 285 837 1367 919; baseline 0.001 -20"><span class='ocrx_word' id='word_1_22' title='bbox 285 837 400 917; x_wconf 88' lang='lat' dir='ltr'><strong>puncti</strong></span> <span class='ocrx_word' id='word_1_23' title='bbox 423 837 523 902; x_wconf 89' lang='lat' dir='ltr'><strong>etiam</strong></span> <span class='ocrx_word' id='word_1_24' title='bbox 544 838 761 914; x_wconf 89' lang='lat' dir='ltr'><strong>videbuntur,</strong></span> <span class='ocrx_word' id='word_1_25' title='bbox 783 855 862 901; x_wconf 89' lang='lat' dir='ltr'><strong>cum</strong></span> <span class='ocrx_word' id='word_1_26' title='bbox 883 857 952 902; x_wconf 91' lang='lat' dir='ltr'><strong>non</strong></span> <span class='ocrx_word' id='word_1_27' title='bbox 974 838 1119 902; x_wconf 83' lang='lat' dir='ltr'>habeant</span> <span class='ocrx_word' id='word_1_28' title='bbox 1137 838 1367 919; x_wconf 71' lang='lat' dir='ltr'><strong>quantitatem,</strong></span> 
     </span>
     <span class='ocr_line' id='line_1_5' title="bbox 287 948 1367 1029; baseline 0.004 -21"><span class='ocrx_word' id='word_1_29' title='bbox 287 965 397 1028; x_wconf 91' lang='lat' dir='ltr'><strong>neque</strong></span> <span class='ocrx_word' id='word_1_30' title='bbox 419 948 618 1013; x_wconf 82' lang='lat' dir='ltr'><strong>subtendent</strong></span> <span class='ocrx_word' id='word_1_31' title='bbox 640 948 811 1028; x_wconf 81' lang='lat' dir='ltr'><strong>angulum.</strong></span> <span class='ocrx_word' id='word_1_32' title='bbox 833 949 901 1012; x_wconf 84' lang='lat' dir='ltr'><strong>Erit</strong></span> <span class='ocrx_word' id='word_1_33' title='bbox 923 966 999 1029; x_wconf 89' lang='lat' dir='ltr'><strong>ergo</strong></span> <span class='ocrx_word' id='word_1_34' title='bbox 1023 949 1132 1012; x_wconf 89' lang='lat' dir='ltr'><strong>omnis</strong></span> <span class='ocrx_word' id='word_1_35' title='bbox 1155 948 1367 1012; x_wconf 74' lang='grc'>1111111111-</span> 
     </span>
     <span class='ocr_line' id='line_1_6' title="bbox 286 1057 1369 1142; baseline 0.002 -23"><span class='ocrx_word' id='word_1_36' title='bbox 286 1057 438 1121; x_wconf 85' lang='lat' dir='ltr'><strong>visibilis.</strong></span> <span class='ocrx_word' id='word_1_37' title='bbox 455 1059 519 1123; x_wconf 88' lang='lat' dir='ltr'><strong>Sed</strong></span> <span class='ocrx_word' id='word_1_38' title='bbox 534 1059 562 1122; x_wconf 86' lang='lat' dir='ltr'><strong>si</strong></span> <span class='ocrx_word' id='word_1_39' title='bbox 577 1058 652 1140; x_wconf 90' lang='lat' dir='ltr'><strong>quis</strong></span> <span class='ocrx_word' id='word_1_40' title='bbox 668 1058 797 1134; x_wconf 85' lang='lat' dir='ltr'><strong>dixerit,</strong></span> <span class='ocrx_word' id='word_1_41' title='bbox 810 1060 900 1140; x_wconf 94' lang='lat' dir='ltr'><strong>quod</strong></span> <span class='ocrx_word' id='word_1_42' title='bbox 915 1061 1052 1142; x_wconf 90' lang='lat' dir='ltr'><strong>quidam</strong></span> <span class='ocrx_word' id='word_1_43' title='bbox 1066 1059 1151 1123; x_wconf 89' lang='lat' dir='ltr'><strong>radii</strong></span> <span class='ocrx_word' id='word_1_44' title='bbox 1165 1059 1257 1123; x_wconf 90' lang='lat' dir='ltr'><strong>visus</strong></span> <span class='ocrx_word' id='word_1_45' title='bbox 1269 1066 1369 1122; x_wconf 90' lang='lat' dir='ltr'><strong>erunt</strong></span> 
     </span>
     <span class='ocr_line' id='line_1_7' title="bbox 288 1158 1368 1250; baseline 0.002 -19"><span class='ocrx_word' id='word_1_46' title='bbox 288 1158 465 1249; x_wconf 83' lang='lat' dir='ltr'><strong>disgregali</strong></span> <span class='ocrx_word' id='word_1_47' title='bbox 487 1174 521 1233; x_wconf 91' lang='lat' dir='ltr'><strong>et</strong></span> <span class='ocrx_word' id='word_1_48' title='bbox 547 1170 684 1250; x_wconf 87' lang='lat' dir='ltr'><strong>quidam</strong></span> <span class='ocrx_word' id='word_1_49' title='bbox 710 1170 862 1234; x_wconf 82' lang='lat' dir='ltr'><strong>continui</strong></span> <span class='ocrx_word' id='word_1_50' title='bbox 895 1171 930 1233; x_wconf 93' lang='lat' dir='ltr'><strong>in</strong></span> <span class='ocrx_word' id='word_1_51' title='bbox 965 1172 1080 1235; x_wconf 91' lang='lat' dir='ltr'><strong>eadem</strong></span> <span class='ocrx_word' id='word_1_52' title='bbox 1103 1171 1279 1247; x_wconf 79' lang='lat' dir='ltr'><strong>distantia,</strong></span> <span class='ocrx_word' id='word_1_53' title='bbox 1302 1169 1368 1234; x_wconf 92' lang='lat' dir='ltr'><strong>hoc</strong></span> 
     </span>
     <span class='ocr_line' id='line_1_8' title="bbox 288 1280 1370 1357; baseline 0.003 -17"><span class='ocrx_word' id='word_1_54' title='bbox 288 1280 427 1343; x_wconf 91' lang='lat' dir='ltr'><strong>verbum</strong></span> <span class='ocrx_word' id='word_1_55' title='bbox 449 1297 527 1343; x_wconf 91' lang='lat' dir='ltr'><strong>cum</strong></span> <span class='ocrx_word' id='word_1_56' title='bbox 557 1298 625 1344; x_wconf 91' lang='lat' dir='ltr'><strong>non</strong></span> <span class='ocrx_word' id='word_1_57' title='bbox 654 1280 774 1345; x_wconf 88' lang='lat' dir='ltr'><strong>habeat</strong></span> <span class='ocrx_word' id='word_1_58' title='bbox 807 1281 1029 1345; x_wconf 88' lang='lat' dir='ltr'><strong>necessariam</strong></span> <span class='ocrx_word' id='word_1_59' title='bbox 1051 1281 1240 1357; x_wconf 90' lang='lat' dir='ltr'><strong>rationem,</strong></span> <span class='ocrx_word' id='word_1_60' title='bbox 1269 1281 1370 1344; x_wconf 89' lang='lat' dir='ltr'><strong>iniert</strong></span> 
     </span>
     <span class='ocr_line' id='line_1_9' title="bbox 253 1391 1370 1477; baseline 0.003 -25"><span class='ocrx_word' id='word_1_61' title='bbox 253 1408 272 1429; x_wconf 80' lang='grc'><em>·</em></span> <span class='ocrx_word' id='word_1_62' title='bbox 289 1391 406 1471; x_wconf 91' lang='lat' dir='ltr'><strong>utique</strong></span> <span class='ocrx_word' id='word_1_63' title='bbox 428 1391 551 1455; x_wconf 90' lang='lat' dir='ltr'><strong>dicenti</strong></span> <span class='ocrx_word' id='word_1_64' title='bbox 573 1391 824 1477; x_wconf 87' lang='lat' dir='ltr'><strong>ambiguitatem</strong></span> <span class='ocrx_word' id='word_1_65' title='bbox 846 1399 879 1457; x_wconf 90' lang='lat' dir='ltr'><strong>et</strong></span> <span class='ocrx_word' id='word_1_66' title='bbox 900 1410 1046 1457; x_wconf 88' lang='lat' dir='ltr'><strong>errorem</strong></span> <span class='ocrx_word' id='word_1_67' title='bbox 1068 1411 1107 1456; x_wconf 91' lang='lat' dir='ltr'><strong>ex</strong></span> <span class='ocrx_word' id='word_1_68' title='bbox 1122 1392 1176 1455; x_wconf 91' lang='lat' dir='ltr'><strong>his</strong></span> <span class='ocrx_word' id='word_1_69' title='bbox 1191 1409 1277 1476; x_wconf 91' lang='lat' dir='ltr'><strong>quae</strong></span> <span class='ocrx_word' id='word_1_70' title='bbox 1294 1399 1370 1455; x_wconf 88' lang='lat' dir='ltr'><strong>actu</strong></span> 
     </span>
     <span class='ocr_line' id='line_1_10' title="bbox 289 1501 1368 1582; baseline 0.003 -19"><span class='ocrx_word' id='word_1_71' title='bbox 289 1501 461 1582; x_wconf 80' lang='lat' dir='ltr'><strong>videntur3</strong></span> <span class='ocrx_word' id='word_1_72' title='bbox 484 1502 619 1567; x_wconf 84' lang='lat' dir='ltr'><strong>deberet</strong></span> <span class='ocrx_word' id='word_1_73' title='bbox 640 1502 730 1567; x_wconf 92' lang='lat' dir='ltr'><strong>enim</strong></span> <span class='ocrx_word' id='word_1_74' title='bbox 752 1504 938 1567; x_wconf 90' lang='lat' dir='ltr'><strong>secundum</strong></span> <span class='ocrx_word' id='word_1_75' title='bbox 952 1503 1041 1566; x_wconf 90' lang='lat' dir='ltr'><strong>hanc</strong></span> <span class='ocrx_word' id='word_1_76' title='bbox 1063 1503 1263 1576; x_wconf 85' lang='lat' dir='ltr'><strong>sententiam</strong></span> <span class='ocrx_word' id='word_1_77' title='bbox 1285 1522 1368 1567; x_wconf 89' lang='grc'>11111-</span> 
     </span>
     <span class='ocr_line' id='line_1_11' title="bbox 288 1613 1370 1695; baseline 0.002 -20"><span class='ocrx_word' id='word_1_78' title='bbox 288 1629 440 1694; x_wconf 81' lang='lat' dir='ltr'><strong>quaeque</strong></span> <span class='ocrx_word' id='word_1_79' title='bbox 462 1630 659 1694; x_wconf 88' lang='lat' dir='ltr'><strong>magnarum</strong></span> <span class='ocrx_word' id='word_1_80' title='bbox 681 1631 794 1676; x_wconf 90' lang='lat' dir='ltr'><strong>rerum</strong></span> <span class='ocrx_word' id='word_1_81' title='bbox 809 1614 916 1678; x_wconf 90' lang='lat' dir='ltr'><strong>videri</strong></span> <span class='ocrx_word' id='word_1_82' title='bbox 931 1614 1116 1695; x_wconf 88' lang='lat' dir='ltr'><strong>disgregata</strong></span> <span class='ocrx_word' id='word_1_83' title='bbox 1132 1621 1164 1678; x_wconf 92' lang='lat' dir='ltr'><strong>et</strong></span> <span class='ocrx_word' id='word_1_84' title='bbox 1180 1632 1247 1678; x_wconf 90' lang='lat' dir='ltr'><strong>non</strong></span> <span class='ocrx_word' id='word_1_85' title='bbox 1265 1613 1370 1677; x_wconf 87' lang='lat' dir='ltr'><strong>conti·</strong></span> 
     </span>
     <span class='ocr_line' id='line_1_12' title="bbox 286 1714 1366 1808; baseline 0.002 -22"><span class='ocrx_word' id='word_1_86' title='bbox 286 1742 365 1801; x_wconf 87' lang='lat' dir='ltr'><strong>nua,</strong></span> <span class='ocrx_word' id='word_1_87' title='bbox 377 1743 497 1807; x_wconf 88' lang='lat' dir='ltr'><strong>parvae</strong></span> <span class='ocrx_word' id='word_1_88' title='bbox 510 1744 588 1790; x_wconf 89' lang='lat' dir='ltr'><strong>vero</strong></span> <span class='ocrx_word' id='word_1_89' title='bbox 598 1714 800 1808; x_wconf 69' lang='lat' dir='ltr'><strong>mandique</strong></span> <span class='ocrx_word' id='word_1_90' title='bbox 812 1725 918 1790; x_wconf 88' lang='lat' dir='ltr'><strong>videri</strong></span> <span class='ocrx_word' id='word_1_91' title='bbox 929 1734 962 1791; x_wconf 92' lang='lat' dir='ltr'><strong>et</strong></span> <span class='ocrx_word' id='word_1_92' title='bbox 974 1726 1177 1807; x_wconf 89' lang='lat' dir='ltr'><strong>quandoque</strong></span> <span class='ocrx_word' id='word_1_93' title='bbox 1190 1726 1366 1804; x_wconf 87' lang='lat' dir='ltr'><strong>abscondi;</strong></span> 
     </span>
     <span class='ocr_line' id='line_1_13' title="bbox 289 1835 1367 1929; baseline 0.003 -32"><span class='ocrx_word' id='word_1_94' title='bbox 289 1835 467 1899; x_wconf 80' lang='lat' dir='ltr'><strong>existentes</strong></span> <span class='ocrx_word' id='word_1_95' title='bbox 493 1835 529 1898; x_wconf 92' lang='lat' dir='ltr'><strong>in</strong></span> <span class='ocrx_word' id='word_1_96' title='bbox 563 1837 679 1900; x_wconf 89' lang='lat' dir='ltr'><strong>eadem</strong></span> <span class='ocrx_word' id='word_1_97' title='bbox 701 1853 720 1900; x_wconf 90' lang='lat' dir='ltr'><strong>a</strong></span> <span class='ocrx_word' id='word_1_98' title='bbox 742 1835 816 1899; x_wconf 91' lang='lat' dir='ltr'><strong>visu</strong></span> <span class='ocrx_word' id='word_1_99' title='bbox 845 1836 1001 1901; x_wconf 90' lang='lat' dir='ltr'><strong>distantia</strong></span> <span class='ocrx_word' id='word_1_100' title='bbox 1022 1837 1223 1929; x_wconf 87' lang='lat' dir='ltr'><strong>quandoque</strong></span> <span class='ocrx_word' id='word_1_101' title='bbox 1245 1855 1298 1900; x_wconf 88' lang='lat' dir='ltr'><strong>res</strong></span> <span class='ocrx_word' id='word_1_102' title='bbox 1319 1836 1367 1900; x_wconf 92' lang='lat' dir='ltr'><strong>vi·</strong></span> 
     </span>
     <span class='ocr_line' id='line_1_14' title="bbox 288 1932 1367 2029; baseline 0.002 -21"><span class='ocrx_word' id='word_1_103' title='bbox 288 1945 413 2009; x_wconf 89' lang='lat' dir='ltr'><strong>dendae</strong></span> <span class='ocrx_word' id='word_1_104' title='bbox 432 1932 477 2010; x_wconf 60' lang='lat' dir='ltr'><strong>&#39;ad</strong></span> <span class='ocrx_word' id='word_1_105' title='bbox 498 1945 603 2011; x_wconf 85' lang='lat' dir='ltr'><strong>latera</strong></span> <span class='ocrx_word' id='word_1_106' title='bbox 624 1947 882 2012; x_wconf 76' lang='lat' dir='ltr'><strong>transferuntur.</strong></span> <span class='ocrx_word' id='word_1_107' title='bbox 908 1948 1064 2029; x_wconf 84' lang='lat' dir='ltr'><strong>Sequitur</strong></span> <span class='ocrx_word' id='word_1_108' title='bbox 1086 1953 1199 2011; x_wconf 87' lang='lat' dir='ltr'><strong>autem</strong></span> <span class='ocrx_word' id='word_1_109' title='bbox 1221 1965 1261 2011; x_wconf 91' lang='lat' dir='ltr'><strong>ea</strong></span> <span class='ocrx_word' id='word_1_110' title='bbox 1282 1965 1367 2028; x_wconf 89' lang='lat' dir='ltr'><strong>quae</strong></span> 
     </span>
     <span class='ocr_line' id='line_1_15' title="bbox 287 2057 1366 2139; baseline 0.002 -21"><span class='ocrx_word' id='word_1_111' title='bbox 287 2057 549 2139; x_wconf 83' lang='lat' dir='ltr'><strong>praeposuimus,</strong></span> <span class='ocrx_word' id='word_1_112' title='bbox 573 2057 691 2123; x_wconf 91' lang='lat' dir='ltr'><strong>debere</strong></span> <span class='ocrx_word' id='word_1_113' title='bbox 706 2058 850 2122; x_wconf 91' lang='lat' dir='ltr'><strong>inveniri</strong></span> <span class='ocrx_word' id='word_1_114' title='bbox 865 2065 898 2123; x_wconf 87' lang='lat' dir='ltr'><strong>et</strong></span> <span class='ocrx_word' id='word_1_115' title='bbox 912 2058 1060 2138; x_wconf 83' lang='lat' dir='ltr'><strong>dignosci</strong></span> <span class='ocrx_word' id='word_1_116' title='bbox 1075 2057 1281 2122; x_wconf 87' lang='lat' dir='ltr'><strong>diversitates</strong></span> <span class='ocrx_word' id='word_1_117' title='bbox 1296 2075 1366 2121; x_wconf 88' lang='lat' dir='ltr'><strong>ma-</strong></span> 
     </span>
     <span class='ocr_line' id='line_1_16' title="bbox 289 2167 1366 2249; baseline 0.003 -20"><span class='ocrx_word' id='word_1_118' title='bbox 289 2167 472 2247; x_wconf 88' lang='lat' dir='ltr'><strong>gnitudinis</strong></span> <span class='ocrx_word' id='word_1_119' title='bbox 506 2186 619 2233; x_wconf 89' lang='lat' dir='ltr'><strong>rerum</strong></span> <span class='ocrx_word' id='word_1_120' title='bbox 647 2170 832 2234; x_wconf 89' lang='lat' dir='ltr'><strong>secundum</strong></span> <span class='ocrx_word' id='word_1_121' title='bbox 863 2169 1065 2234; x_wconf 85' lang='lat' dir='ltr'><strong>differentias</strong></span> <span class='ocrx_word' id='word_1_122' title='bbox 1095 2168 1295 2249; x_wconf 89' lang='lat' dir='ltr'><strong>angulorum</strong></span> <span class='ocrx_word' id='word_1_123' title='bbox 1318 2169 1366 2233; x_wconf 89' lang='lat' dir='ltr'><strong>eis</strong></span> 
     </span>
     <span class='ocr_line' id='line_1_17' title="bbox 288 2258 1369 2360; baseline 0.001 -19"><span class='ocrx_word' id='word_1_124' title='bbox 288 2277 605 2360; x_wconf 82' lang='lat' dir='ltr'><strong>proportionalium,</strong></span> <span class='ocrx_word' id='word_1_125' title='bbox 628 2297 707 2343; x_wconf 90' lang='lat' dir='ltr'><strong>cum</strong></span> <span class='ocrx_word' id='word_1_126' title='bbox 728 2279 859 2360; x_wconf 90' lang='lat' dir='ltr'><strong>anguli,</strong></span> <span class='ocrx_word' id='word_1_127' title='bbox 874 2281 961 2344; x_wconf 91' lang='lat' dir='ltr'><strong>sicut</strong></span> <span class='ocrx_word' id='word_1_128' title='bbox 975 2258 1143 2356; x_wconf 84' lang='lat' dir='ltr'><strong>diximus,</strong></span> <span class='ocrx_word' id='word_1_129' title='bbox 1155 2280 1282 2344; x_wconf 84' lang='lat' dir='ltr'><strong>fuerint</strong></span> <span class='ocrx_word' id='word_1_130' title='bbox 1296 2298 1369 2343; x_wconf 91' lang='lat' dir='ltr'><strong>sen·</strong></span> 
     </span>
     <span class='ocr_line' id='line_1_18' title="bbox 287 2388 1367 2471; baseline 0.002 -20"><span class='ocrx_word' id='word_1_131' title='bbox 287 2388 399 2454; x_wconf 88' lang='lat' dir='ltr'><strong>sibiles</strong></span> <span class='ocrx_word' id='word_1_132' title='bbox 421 2394 542 2454; x_wconf 91' lang='lat' dir='ltr'><strong>et-non</strong></span> <span class='ocrx_word' id='word_1_133' title='bbox 576 2389 730 2471; x_wconf 84' lang='lat' dir='ltr'><strong>differant</strong></span> <span class='ocrx_word' id='word_1_134' title='bbox 755 2390 792 2453; x_wconf 93' lang='lat' dir='ltr'><strong>in</strong></span> <span class='ocrx_word' id='word_1_135' title='bbox 819 2390 907 2466; x_wconf 91' lang='lat' dir='ltr'><strong>alio,</strong></span> <span class='ocrx_word' id='word_1_136' title='bbox 934 2408 1012 2454; x_wconf 89' lang='lat' dir='ltr'><strong>cum</strong></span> <span class='ocrx_word' id='word_1_137' title='bbox 1045 2390 1166 2454; x_wconf 88' lang='lat' dir='ltr'><strong>diversi</strong></span> <span class='ocrx_word' id='word_1_138' title='bbox 1187 2391 1312 2454; x_wconf 83' lang='lat' dir='ltr'><strong>fuerint</strong></span> <span class='ocrx_word' id='word_1_139' title='bbox 1331 2391 1367 2453; x_wconf 92' lang='lat' dir='ltr'><strong>in</strong></span> 
     </span>
     <span class='ocr_line' id='line_1_19' title="bbox 288 2499 1368 2581; baseline -0.001 -19"><span class='ocrx_word' id='word_1_140' title='bbox 288 2517 411 2576; x_wconf 86' lang='lat' dir='ltr'><strong>sensu,</strong></span> <span class='ocrx_word' id='word_1_141' title='bbox 438 2501 534 2565; x_wconf 89' lang='lat' dir='ltr'><strong>etde</strong></span> <span class='ocrx_word' id='word_1_142' title='bbox 562 2501 849 2580; x_wconf 84' lang='lat' dir='ltr'><strong>magnitudinibus</strong></span> <span class='ocrx_word' id='word_1_143' title='bbox 876 2500 935 2564; x_wconf 86' lang='lat' dir='ltr'><strong>fiat</strong></span> <span class='ocrx_word' id='word_1_144' title='bbox 960 2499 1180 2581; x_wconf 89' lang='lat' dir='ltr'><strong>imaginatio,</strong></span> <span class='ocrx_word' id='word_1_145' title='bbox 1206 2500 1296 2580; x_wconf 88' lang='lat' dir='ltr'><strong>quod</strong></span> <span class='ocrx_word' id='word_1_146' title='bbox 1324 2500 1368 2563; x_wconf 88' lang='lat' dir='ltr'><strong>sit</strong></span> 
     </span>
     <span class='ocr_line' id='line_1_20' title="bbox 287 2608 1367 2692; baseline 0.005 -22"><span class='ocrx_word' id='word_1_147' title='bbox 287 2610 322 2672; x_wconf 92' lang='lat' dir='ltr'><strong>in</strong></span> <span class='ocrx_word' id='word_1_148' title='bbox 345 2608 395 2675; x_wconf 83' lang='lat' dir='ltr'><strong>eis</strong></span> <span class='ocrx_word' id='word_1_149' title='bbox 409 2609 599 2688; x_wconf 84' lang='lat' dir='ltr'><strong>diversitas,</strong></span> <span class='ocrx_word' id='word_1_150' title='bbox 613 2629 683 2675; x_wconf 90' lang='lat' dir='ltr'><strong>non</strong></span> <span class='ocrx_word' id='word_1_151' title='bbox 697 2628 797 2676; x_wconf 87' lang='lat' dir='ltr'><strong>causa</strong></span> <span class='ocrx_word' id='word_1_152' title='bbox 811 2629 928 2677; x_wconf 89' lang='lat' dir='ltr'><strong>earum</strong></span> <span class='ocrx_word' id='word_1_153' title='bbox 943 2629 1018 2677; x_wconf 89' lang='lat' dir='ltr'><strong>vere</strong></span> <span class='ocrx_word' id='word_1_154' title='bbox 1030 2660 1038 2688; x_wconf 90' lang='lat'><strong>,</strong></span> <span class='ocrx_word' id='word_1_155' title='bbox 1052 2613 1110 2677; x_wconf 89' lang='lat' dir='ltr'><strong>sed</strong></span> <span class='ocrx_word' id='word_1_156' title='bbox 1131 2611 1212 2692; x_wconf 88' lang='lat' dir='ltr'><strong>quia</strong></span> <span class='ocrx_word' id='word_1_157' title='bbox 1227 2609 1367 2692; x_wconf 88' lang='lat' dir='ltr'><strong>angulos</strong></span> 
     </span>
     <span class='ocr_line' id='line_1_21' title="bbox 286 2719 596 2785; baseline -0.003 -2"><span class='ocrx_word' id='word_1_158' title='bbox 286 2719 415 2784; x_wconf 87' lang='lat' dir='ltr'><strong>iaciunt</strong></span> <span class='ocrx_word' id='word_1_159' title='bbox 435 2720 596 2785; x_wconf 84' lang='lat' dir='ltr'><strong>diversos.</strong></span> 
     </span>
    </p>

    <p class='ocr_par' dir='ltr' id='par_1_2' title="bbox 284 2831 1367 3467">
     <span class='ocr_line' id='line_1_22' title="bbox 328 2831 1367 2914; baseline -0.001 -18"><span class='ocrx_word' id='word_1_160' title='bbox 328 2831 411 2896; x_wconf 86' lang='lat' dir='ltr'><strong>(lum</strong></span> <span class='ocrx_word' id='word_1_161' title='bbox 433 2849 511 2912; x_wconf 87' lang='lat' dir='ltr'><strong>ergo</strong></span> <span class='ocrx_word' id='word_1_162' title='bbox 534 2831 649 2897; x_wconf 89' lang='lat' dir='ltr'><strong>omnia</strong></span> <span class='ocrx_word' id='word_1_163' title='bbox 670 2837 854 2914; x_wconf 86' lang='lat' dir='ltr'><strong>coaequata</strong></span> <span class='ocrx_word' id='word_1_164' title='bbox 874 2831 1009 2908; x_wconf 83' lang='lat' dir='ltr'><strong>fuerint,</strong></span> <span class='ocrx_word' id='word_1_165' title='bbox 1026 2838 1060 2896; x_wconf 89' lang='lat' dir='ltr'><strong>et</strong></span> <span class='ocrx_word' id='word_1_166' title='bbox 1078 2832 1222 2897; x_wconf 91' lang='lat' dir='ltr'><strong>eundem</strong></span> <span class='ocrx_word' id='word_1_167' title='bbox 1242 2833 1367 2897; x_wconf 87' lang='lat' dir='ltr'><strong>statum</strong></span> 
     </span>
     <span class='ocr_line' id='line_1_23' title="bbox 285 2940 1366 3025; baseline 0.002 -20"><span class='ocrx_word' id='word_1_168' title='bbox 285 2940 476 3018; x_wconf 88' lang='lat' dir='ltr'><strong>habuerint,</strong></span> <span class='ocrx_word' id='word_1_169' title='bbox 499 2950 631 3023; x_wconf 85' lang='lat' dir='ltr'><strong>excepta</strong></span> <span class='ocrx_word' id='word_1_170' title='bbox 653 2942 810 3008; x_wconf 86' lang='lat' dir='ltr'><strong>distantia</strong></span> <span class='ocrx_word' id='word_1_171' title='bbox 831 2949 864 3007; x_wconf 89' lang='lat' dir='ltr'><strong>et</strong></span> <span class='ocrx_word' id='word_1_172' title='bbox 884 2943 952 3007; x_wconf 88' lang='lat' dir='ltr'><strong>situ</strong></span> <span class='ocrx_word' id='word_1_173' title='bbox 973 2950 1005 3007; x_wconf 89' lang='lat' dir='ltr'><strong>et</strong></span> <span class='ocrx_word' id='word_1_174' title='bbox 1026 2944 1158 3025; x_wconf 88' lang='lat' dir='ltr'><strong>angulo,</strong></span> <span class='ocrx_word' id='word_1_175' title='bbox 1178 2943 1261 3007; x_wconf 94' lang='lat' dir='ltr'><strong>illud</strong></span> <span class='ocrx_word' id='word_1_176' title='bbox 1275 2943 1366 3024; x_wconf 91' lang='lat' dir='ltr'><strong>quod</strong></span> 
     </span>
     <span class='ocr_line' id='line_1_24' title="bbox 288 3055 1367 3137; baseline 0.003 -21"><span class='ocrx_word' id='word_1_177' title='bbox 288 3059 457 3134; x_wconf 89' lang='lat' dir='ltr'><strong>aspectum</strong></span> <span class='ocrx_word' id='word_1_178' title='bbox 478 3055 529 3118; x_wconf 92' lang='lat' dir='ltr'><strong>rei</strong></span> <span class='ocrx_word' id='word_1_179' title='bbox 548 3055 629 3118; x_wconf 86' lang='lat' dir='ltr'><strong>iacit</strong></span> <span class='ocrx_word' id='word_1_180' title='bbox 650 3055 834 3133; x_wconf 88' lang='lat' dir='ltr'><strong>maiorem,</strong></span> <span class='ocrx_word' id='word_1_181' title='bbox 857 3062 907 3119; x_wconf 90' lang='lat' dir='ltr'><strong>est</strong></span> <span class='ocrx_word' id='word_1_182' title='bbox 928 3073 967 3120; x_wconf 85' lang='lat' dir='ltr'><strong>ex</strong></span> <span class='ocrx_word' id='word_1_183' title='bbox 988 3056 1152 3120; x_wconf 89' lang='lat' dir='ltr'><strong>distantiis</strong></span> <span class='ocrx_word' id='word_1_184' title='bbox 1174 3055 1310 3137; x_wconf 89' lang='lat' dir='ltr'><strong>quidem</strong></span> <span class='ocrx_word' id='word_1_185' title='bbox 1332 3055 1367 3119; x_wconf 95' lang='lat' dir='ltr'><strong>id</strong></span> 
     </span>
     <span class='ocr_line' id='line_1_25' title="bbox 286 3164 1365 3247; baseline 0.002 -20"><span class='ocrx_word' id='word_1_186' title='bbox 286 3164 377 3245; x_wconf 91' lang='lat' dir='ltr'><strong>quod</strong></span> <span class='ocrx_word' id='word_1_187' title='bbox 397 3164 630 3247; x_wconf 87' lang='lat' dir='ltr'><strong>propinquius,</strong></span> <span class='ocrx_word' id='word_1_188' title='bbox 652 3184 691 3229; x_wconf 89' lang='lat' dir='ltr'><strong>ex</strong></span> <span class='ocrx_word' id='word_1_189' title='bbox 712 3167 779 3230; x_wconf 89' lang='lat' dir='ltr'><strong>situ</strong></span> <span class='ocrx_word' id='word_1_190' title='bbox 797 3166 961 3229; x_wconf 89' lang='lat' dir='ltr'><strong>autemid</strong></span> <span class='ocrx_word' id='word_1_191' title='bbox 979 3168 1068 3247; x_wconf 89' lang='lat' dir='ltr'><strong>quod</strong></span> <span class='ocrx_word' id='word_1_192' title='bbox 1082 3171 1132 3231; x_wconf 86' lang='lat' dir='ltr'><strong>est</strong></span> <span class='ocrx_word' id='word_1_193' title='bbox 1145 3167 1252 3246; x_wconf 88' lang='lat' dir='ltr'><strong>magis</strong></span> <span class='ocrx_word' id='word_1_194' title='bbox 1267 3183 1365 3246; x_wconf 91' lang='lat' dir='ltr'><strong>oppo-</strong></span> 
     </span>
     <span class='ocr_line' id='line_1_26' title="bbox 284 3273 1367 3358; baseline 0.002 -23"><span class='ocrx_word' id='word_1_195' title='bbox 284 3273 398 3351; x_wconf 90' lang='lat' dir='ltr'><strong>situm,</strong></span> <span class='ocrx_word' id='word_1_196' title='bbox 419 3274 534 3355; x_wconf 84' lang='lat' dir='ltr'><strong>anguli</strong></span> <span class='ocrx_word' id='word_1_197' title='bbox 556 3276 649 3340; x_wconf 88' lang='lat' dir='ltr'><strong>enim</strong></span> <span class='ocrx_word' id='word_1_198' title='bbox 664 3277 701 3339; x_wconf 93' lang='lat' dir='ltr'><strong>in</strong></span> <span class='ocrx_word' id='word_1_199' title='bbox 715 3284 858 3358; x_wconf 87' lang='lat' dir='ltr'><strong>utraque</strong></span> <span class='ocrx_word' id='word_1_200' title='bbox 874 3276 1015 3339; x_wconf 88' lang='lat' dir='ltr'><strong>istarum</strong></span> <span class='ocrx_word' id='word_1_201' title='bbox 1029 3275 1267 3341; x_wconf 89' lang='lat' dir='ltr'><strong>habitudinum</strong></span> <span class='ocrx_word' id='word_1_202' title='bbox 1281 3277 1367 3339; x_wconf 88' lang='lat' dir='ltr'><strong>flunt</strong></span> 
     </span>
     <span class='ocr_line' id='line_1_27' title="bbox 285 3384 1364 3467; baseline 0.001 -20"><span class='ocrx_word' id='word_1_203' title='bbox 285 3384 449 3463; x_wconf 86' lang='lat' dir='ltr'><strong>maiores;</strong></span> <span class='ocrx_word' id='word_1_204' title='bbox 479 3404 623 3467; x_wconf 89' lang='lat' dir='ltr'><strong>cumque</strong></span> <span class='ocrx_word' id='word_1_205' title='bbox 645 3386 788 3451; x_wconf 88' lang='lat' dir='ltr'><strong>dicimus</strong></span> <span class='ocrx_word' id='word_1_206' title='bbox 810 3387 916 3467; x_wconf 87' lang='lat' dir='ltr'><strong>magis</strong></span> <span class='ocrx_word' id='word_1_207' title='bbox 938 3387 1148 3467; x_wconf 90' lang='lat' dir='ltr'><strong>oppositum,</strong></span> <span class='ocrx_word' id='word_1_208' title='bbox 1176 3387 1241 3451; x_wconf 90' lang='lat' dir='ltr'><strong>hoc</strong></span> <span class='ocrx_word' id='word_1_209' title='bbox 1262 3385 1364 3451; x_wconf 89' lang='lat' dir='ltr'><strong>senti·</strong></span> 
     </span>
    </p>
   </div>
   <div class='ocr_carea' id='block_1_2' title="bbox 284 3495 1365 4132">
    <p class='ocr_par' dir='ltr' id='par_1_3' title="bbox 284 3495 1365 4132">
     <span class='ocr_line' id='line_1_28' title="bbox 285 3495 1365 3579; baseline 0.003 -21"><span class='ocrx_word' id='word_1_210' title='bbox 285 3513 374 3572; x_wconf 86' lang='lat' dir='ltr'><strong>mus,</strong></span> <span class='ocrx_word' id='word_1_211' title='bbox 385 3501 423 3559; x_wconf 91' lang='lat' dir='ltr'><strong>ut</strong></span> <span class='ocrx_word' id='word_1_212' title='bbox 436 3495 578 3560; x_wconf 88' lang='lat' dir='ltr'><strong>visibilis</strong></span> <span class='ocrx_word' id='word_1_213' title='bbox 593 3496 720 3573; x_wconf 87' lang='lat' dir='ltr'><strong>radius,</strong></span> <span class='ocrx_word' id='word_1_214' title='bbox 736 3498 794 3579; x_wconf 93' lang='lat' dir='ltr'><strong>qui</strong></span> <span class='ocrx_word' id='word_1_215' title='bbox 811 3496 900 3560; x_wconf 89' lang='lat' dir='ltr'><strong>cadit</strong></span> <span class='ocrx_word' id='word_1_216' title='bbox 913 3497 950 3560; x_wconf 93' lang='lat' dir='ltr'><strong>in</strong></span> <span class='ocrx_word' id='word_1_217' title='bbox 966 3495 1015 3561; x_wconf 91' lang='lat' dir='ltr'><strong>rei</strong></span> <span class='ocrx_word' id='word_1_218' title='bbox 1030 3496 1180 3561; x_wconf 89' lang='lat' dir='ltr'><strong>medium</strong></span> <span class='ocrx_word' id='word_1_219' title='bbox 1194 3497 1365 3573; x_wconf 89' lang='lat' dir='ltr'><strong>videndae,</strong></span> 
     </span>
     <span class='ocr_line' id='line_1_29' title="bbox 287 3605 1365 3697; baseline 0.002 -29"><span class='ocrx_word' id='word_1_220' title='bbox 287 3606 329 3669; x_wconf 89' lang='lat' dir='ltr'><strong>sit</strong></span> <span class='ocrx_word' id='word_1_221' title='bbox 355 3605 661 3688; x_wconf 82' lang='lat' dir='ltr'><strong>perpendicularis,</strong></span> <span class='ocrx_word' id='word_1_222' title='bbox 690 3614 723 3673; x_wconf 91' lang='lat' dir='ltr'><strong>et</strong></span> <span class='ocrx_word' id='word_1_223' title='bbox 743 3608 886 3672; x_wconf 89' lang='lat' dir='ltr'><strong>dicimus</strong></span> <span class='ocrx_word' id='word_1_224' title='bbox 908 3607 1006 3671; x_wconf 91' lang='lat' dir='ltr'><strong>illum</strong></span> <span class='ocrx_word' id='word_1_225' title='bbox 1028 3625 1099 3697; x_wconf 81' lang='lat' dir='ltr'><strong>esse</strong></span> <span class='ocrx_word' id='word_1_226' title='bbox 1122 3607 1302 3690; x_wconf 88' lang='lat' dir='ltr'><strong>proclivem</strong></span> <span class='ocrx_word' id='word_1_227' title='bbox 1324 3607 1365 3671; x_wconf 86' lang='lat' dir='ltr'><strong>ad</strong></span> 
     </span>
     <span class='ocr_line' id='line_1_30' title="bbox 287 3714 1365 3802; baseline 0.005 -25"><span class='ocrx_word' id='word_1_228' title='bbox 287 3714 406 3793; x_wconf 89' lang='lat' dir='ltr'><strong>latera,</strong></span> <span class='ocrx_word' id='word_1_229' title='bbox 421 3734 499 3782; x_wconf 91' lang='lat' dir='ltr'><strong>cum</strong></span> <span class='ocrx_word' id='word_1_230' title='bbox 513 3717 636 3798; x_wconf 87' lang='lat' dir='ltr'><strong>aliquis</strong></span> <span class='ocrx_word' id='word_1_231' title='bbox 651 3717 834 3783; x_wconf 86' lang='lat' dir='ltr'><strong>visibilium</strong></span> <span class='ocrx_word' id='word_1_232' title='bbox 848 3720 1018 3784; x_wconf 89' lang='lat' dir='ltr'><strong>radiorum</strong></span> <span class='ocrx_word' id='word_1_233' title='bbox 1034 3737 1103 3783; x_wconf 90' lang='lat' dir='ltr'><strong>non</strong></span> <span class='ocrx_word' id='word_1_234' title='bbox 1118 3720 1163 3783; x_wconf 89' lang='lat' dir='ltr'><strong>sit</strong></span> <span class='ocrx_word' id='word_1_235' title='bbox 1175 3738 1277 3802; x_wconf 87' lang='lat' dir='ltr'><strong>super</strong></span> <span class='ocrx_word' id='word_1_236' title='bbox 1290 3737 1365 3783; x_wconf 88' lang='lat' dir='ltr'><strong>eam</strong></span> 
     </span>
     <span class='ocr_line' id='line_1_31' title="bbox 284 3813 1365 3911; baseline 0.002 -22"><span class='ocrx_word' id='word_1_237' title='bbox 284 3826 588 3908; x_wconf 85' lang='lat' dir='ltr'><strong>perpendicularis,</strong></span> <span class='ocrx_word' id='word_1_238' title='bbox 617 3834 674 3891; x_wconf 92' lang='lat' dir='ltr'><strong>aut</strong></span> <span class='ocrx_word' id='word_1_239' title='bbox 695 3829 741 3892; x_wconf 86' lang='lat' dir='ltr'><strong>sit</strong></span> <span class='ocrx_word' id='word_1_240' title='bbox 762 3847 801 3893; x_wconf 87' lang='lat' dir='ltr'><strong>ex</strong></span> <span class='ocrx_word' id='word_1_241' title='bbox 822 3829 889 3894; x_wconf 87' lang='lat' dir='ltr'><strong>alio</strong></span> <span class='ocrx_word' id='word_1_242' title='bbox 912 3830 1005 3893; x_wconf 91' lang='lat' dir='ltr'><strong>radio</strong></span> <span class='ocrx_word' id='word_1_243' title='bbox 1019 3878 1028 3907; x_wconf 91' lang='lat'><strong>,</strong></span> <span class='ocrx_word' id='word_1_244' title='bbox 1043 3813 1158 3911; x_wconf 62' lang='lat' dir='ltr'><strong>&#39;quam</strong></span> <span class='ocrx_word' id='word_1_245' title='bbox 1181 3848 1222 3895; x_wconf 88' lang='lat' dir='ltr'><strong>eo</strong></span> <span class='ocrx_word' id='word_1_246' title='bbox 1244 3830 1303 3910; x_wconf 88' lang='lat' dir='ltr'><strong>qui</strong></span> <span class='ocrx_word' id='word_1_247' title='bbox 1328 3829 1365 3892; x_wconf 92' lang='lat' dir='ltr'><strong>in</strong></span> 
     </span>
     <span class='ocr_line' id='line_1_32' title="bbox 284 3938 1363 4022; baseline 0.004 -22"><span class='ocrx_word' id='word_1_248' title='bbox 284 3938 434 4002; x_wconf 87' lang='lat' dir='ltr'><strong>medium</strong></span> <span class='ocrx_word' id='word_1_249' title='bbox 463 3938 562 4003; x_wconf 90' lang='lat' dir='ltr'><strong>cadit.</strong></span> <span class='ocrx_word' id='word_1_250' title='bbox 595 3939 744 4004; x_wconf 82' lang='lat' dir='ltr'><strong>Dicimus</strong></span> <span class='ocrx_word' id='word_1_251' title='bbox 771 3958 907 4022; x_wconf 90' lang='lat' dir='ltr'><strong>quoque</strong></span> <span class='ocrx_word' id='word_1_252' title='bbox 937 3941 1127 4006; x_wconf 88' lang='lat' dir='ltr'><strong>distantiam</strong></span> <span class='ocrx_word' id='word_1_253' title='bbox 1154 3940 1200 4005; x_wconf 90' lang='lat' dir='ltr'><strong>rei</strong></span> <span class='ocrx_word' id='word_1_254' title='bbox 1225 3940 1363 4022; x_wconf 92' lang='lat' dir='ltr'><strong>propin-</strong></span> 
     </span>
     <span class='ocr_line' id='line_1_33' title="bbox 287 4048 1365 4132; baseline 0.006 -20"><span class='ocrx_word' id='word_1_255' title='bbox 287 4048 461 4130; x_wconf 85' lang='lat' dir='ltr'><strong>quiorem,</strong></span> <span class='ocrx_word' id='word_1_256' title='bbox 490 4066 568 4115; x_wconf 85' lang='lat' dir='ltr'><strong>cum</strong></span> <span class='ocrx_word' id='word_1_257' title='bbox 596 4049 715 4115; x_wconf 86' lang='lat' dir='ltr'><strong>radius</strong></span> <span class='ocrx_word' id='word_1_258' title='bbox 739 4051 799 4132; x_wconf 89' lang='lat' dir='ltr'><strong>qui</strong></span> <span class='ocrx_word' id='word_1_259' title='bbox 825 4051 862 4115; x_wconf 92' lang='lat' dir='ltr'><strong>in</strong></span> <span class='ocrx_word' id='word_1_260' title='bbox 891 4050 1040 4117; x_wconf 91' lang='lat' dir='ltr'><strong>medium</strong></span> <span class='ocrx_word' id='word_1_261' title='bbox 1062 4053 1113 4116; x_wconf 89' lang='lat' dir='ltr'><strong>rei</strong></span> <span class='ocrx_word' id='word_1_262' title='bbox 1133 4051 1243 4129; x_wconf 83' lang='lat' dir='ltr'><strong>cadit,</strong></span> <span class='ocrx_word' id='word_1_263' title='bbox 1264 4052 1365 4118; x_wconf 83' lang='lat' dir='ltr'><strong>fuerit</strong></span> 
     </span>
    </p>
   </div>
   <div class='ocr_carea' id='block_1_3' title="bbox 0 0 1644 5364">
    <p class='ocr_par' dir='ltr' id='par_1_4' title="bbox 0 0 1644 5364">
     <span class='ocr_line' id='line_1_34' title="bbox 0 0 1644 5364; baseline 0 0"><span class='ocrx_word' id='word_1_264' title='bbox 0 0 1644 5364; x_wconf 95' lang='lat' dir='ltr'><strong> </strong></span> 
     </span>
    </p>
   </div>
  </div>
 </body>
</html>
