3278 5364
256 527 298 587 88

301 637 369 698 Huc
391 643 500 726 autent
523 634 632 699 simile
654 643 705 698 εει
723 634 878 717 hisquae
896 641 1052 714 apparent
1067 633 1102 695 in
1117 635 1231 711 rebus,
1245 653 1326 714 quae

259 753 345 808 recte
368 745 543 819 videntur,
564 743 717 807 videlicet
738 744 827 824 quod
855 762 895 808 ea
916 760 1002 824 quae
1025 743 1179 806 videntur
1199 760 1260 823 per
1280 763 1329 805 ra·

258 854 330 916 dios
353 840 505 928 dertros,
534 860 691 934 apparent
720 872 741 916 a
766 854 879 916 dextra
903 860 995 933 parte
1028 859 1164 927 nostra,
1186 860 1221 916 et
1246 870 1329 932 quae

257 978 316 1042 per
341 963 511 1036 sinistros,
532 981 553 1027 a
574 963 729 1038 sinistras
751 969 784 1025 et
811 963 891 1042 quia
916 962 951 1025 id
978 963 1070 1042 quod
1096 969 1147 1025 est
1166 980 1188 1025 a
1209 962 1329 1026 dextris

260 1075 397 1147 nestris,
420 1075 460 1136 de
482 1092 518 1137 re
540 1073 636 1136 cuius
657 1072 758 1136 facies
780 1080 831 1136 est
848 1073 997 1153 opposita
1012 1072 1107 1135 faciei
1123 1084 1268 1146 nonnae,
1282 1080 1331 1135 est

259 1200 280 1244 a
300 1183 444 1245 sinistris
466 1183 515 1245 rei
538 1182 635 1245 nobis
651 1183 839 1262 oppositae,
855 1183 980 1245 formae
994 1199 1074 1245 vero
1088 1181 1192 1245 facies
1206 1188 1259 1245 est
1271 1199 1331 1262 op-

258 1291 366 1371 posita
386 1291 482 1355 faciei
504 1292 695 1372 aspicientis
717 1309 813 1371 eam3
845 1299 976 1373 oportet
997 1297 1034 1353 ut
1054 1309 1133 1354 cnm
1155 1291 1214 1365 id,
1241 1291 1331 1371 quod

259 1401 408 1487 sucendit
428 1409 552 1481 puncto
576 1411 601 1475 t,
623 1400 723 1464 fuerit
744 1400 852 1463 forma
876 1402 926 1463 rei
949 1401 1091 1477 dextrae,
1112 1407 1147 1464 et
1165 1399 1335 1463 ridebitur

260 1528 280 1572 a
301 1510 435 1573 sinistra
456 1518 548 1590 parte
571 1517 701 1584 nostra,
722 1510 901 1573 arbitretur
921 1527 1017 1573 mens
1043 1528 1117 1573 esse
1139 1510 1333 1583 sinistrum,

260 1620 421 1699 quoniam
443 1620 573 1683 ridetur
593 1638 653 1699 per
672 1619 802 1683 radium
825 1637 924 1700 quem
946 1619 1101 1693 diximus,
1122 1626 1157 1683 et
1176 1625 1230 1683 est
1250 1620 1333 1683 sini·

261 1739 367 1792 strum
399 1729 469 1804 rei,
498 1728 594 1793 cuius
621 1728 721 1791 iacies
744 1729 895 1809 opposita
917 1736 969 1791 est
988 1729 1038 1793 rei
1057 1746 1166 1793 verse.
1197 1730 1332 1793 Formas

260 1835 394 1917 quidem
409 1856 495 1918 quae
511 1845 669 1919 apparent
682 1837 717 1900 iu
734 1838 842 1918 planis
857 1837 1012 1918 speculis,
1026 1837 1183 1918 possibile
1197 1847 1249 1901 est
1265 1839 1334 1901 cui·

260 1946 343 2009 libet
361 1964 563 2033 ‘cognoscere
585 1965 643 2028 per
656 1965 696 2011 ea
708 1965 795 2027 quae
812 1948 1112 2011 demonstravimus
1124 1966 1195 2011 nou
1209 1947 1353 2011 differri·

248 2041 280 2120 'a
302 2057 460 2120 subiectis
481 2058 591 2130 rebus,
612 2075 697 2137 quae
719 2063 807 2121 recte
828 2055 992 2129 ridentur,
1013 2056 1054 2119 de
1071 2055 1227 2137 hisquae
1241 2074 1332 2121 com·

260 2165 528 2246 prehenduntur,
552 2172 586 2228 et
602 2166 691 2245 quod
713 2165 848 2228 babitus
870 2172 1024 2228 utrorum
1044 2164 1174 2229 similes
1194 2166 1275 2229 siut.

303 2272 386 2346 Quia
406 2291 484 2336 vero
506 2273 656 2353 sequitur
675 2291 717 2337 ea
738 2291 824 2353 quae
842 2274 995 2349 diximus,
1009 2273 1246 2355 contemplatio
1259 2275 1334 2339 eins

260 2382 350 2463 quod
376 2382 495 2446 accidit
515 2381 642 2456 formis,
663 2400 749 2462 quae
772 2389 931 2462 apparent
952 2384 988 2445 iu
1010 2381 1155 2463 speculis
1171 2384 1285 2449 curris
1301 2391 1334 2448 et

260 2492 424 2566 concavis,
445 2491 554 2573 primo
569 2492 728 2555 debemus
749 2490 868 2566 dicere,
890 2492 978 2572 quod
995 2492 1030 2554 in
1044 2490 1100 2555 hie
1115 2492 1248 2555 duabus
1261 2511 1335 2573 spe·
1370 2551 1373 2556 .

260 2601 375 2664 ciebas
397 2601 554 2665 accidunt
574 2599 670 2682 plura
683 2601 812 2664 diversa
826 2601 867 2663 ab
882 2600 936 2664 bis
957 2618 1042 2681 quae
1059 2607 1334 2682 recomparans,
1361 2660 1364 2665 .

260 2710 350 2790 quod
371 2709 507 2791 quidem
527 2709 657 2772 videtur
677 2709 713 2770 in
741 2710 850 2791 planis
877 2708 1034 2790 speculis.
1059 2712 1138 2773 Fere
1164 2728 1267 2775 omne
1287 2711 1336 2773 vi·

260 2819 356 2882 detur
387 2817 497 2881 simile
527 2836 683 2899 apparere
717 2818 768 2881 illi
793 2820 884 2899 quod
909 2826 996 2883 recte
1018 2818 1159 2893 videtur,
1183 2819 1274 2883 sicut
1298 2819 1334 2883 in

259 2925 533 3007 praecedentibus
555 2927 865 2992 demonstravimus.
887 2929 1020 2991 Rectam
1033 2928 1125 3005 enim
1139 2928 1266 2993 lineam
1282 2946 1336 2993 nc-

259 3037 339 3099 cidit
359 3054 431 3100 esse
454 3043 624 3116 tamquam
646 3055 718 3100 rem
735 3038 880 3102 mediam
902 3037 990 3101 iuter
1003 3035 1087 3100 alias
1101 3038 1185 3103 duas
1200 3038 1337 3119 figuras,

259 3164 395 3211 curvam
416 3144 571 3209 videlicet
590 3153 623 3209 et
642 3135 832 3222 concavam,
845 3152 879 3210 et
891 3154 942 3211 est
956 3146 992 3209 in
1007 3145 1125 3211 ordine
1139 3147 1251 3228 nequi.
1265 3149 1335 3215 lise

261 3262 373 3318 autem
399 3255 482 3317 duae
511 3255 635 3334 figurae
664 3261 744 3317 sunt
764 3255 799 3316 in
823 3255 939 3318 ordine
961 3256 1009 3319 rei
1031 3273 1100 3318 uon
1123 3250 1279 3337 aequaej
1303 3265 1337 3323 et

259 3371 337 3425 sunt
348 3363 390 3425 ad
401 3363 544 3426 invicem
558 3364 753 3436 contrariae,
765 3371 799 3427 et
810 3365 994 3427 contrariae
1006 3364 1048 3428 ad
1060 3365 1187 3429 lineam
1196 3375 1335 3433 rectam.

262 3472 463 3552 Quapropter
476 3452 605 3553 oportet
619 3472 829 3536 considerare
844 3474 1112 3553 praeponendam
1126 3490 1201 3539 esse
1212 3482 1335 3539 rectam

259 3578 386 3642 lineam
417 3580 514 3643 lineis
544 3582 654 3645 curvis
682 3587 715 3644 ει
740 3581 1035 3658 circumferentiis,
1069 3589 1137 3645 tam
1158 3585 1195 3647 in
1216 3593 1337 3649 nature

260 3707 361 3769 quarn
383 3689 418 3750 in
441 3689 612 3768 dignitate
635 3689 827 3753 huiusmodi
843 3691 934 3754 enirn
949 3690 1057 3756 lineae
1071 3709 1193 3757 curvae
1208 3693 1336 3774 primae

261 3797 443 3878 simplices,
471 3816 614 3878 quarum
647 3816 715 3861 una
748 3805 799 3862 est
825 3800 1027 3875 constitutio,
1056 3800 1144 3866 flunt
1173 3800 1212 3866 ex
1237 3802 1336 3867 lineis

260 3910 369 3983 rectis,
391 3914 423 3971 et
444 3908 531 3971 sicut
551 3907 651 3987 plana
672 3907 808 3988 specula
828 3911 989 3973 maiorem
1011 3909 1086 3973 aliis
1100 3913 1334 3992 proprietatem

260 4016 408 4079 obtinent
429 4015 692 4101 injobservande
713 4018 933 4094 ordinatione,
957 4020 1002 4083 ita
1024 4027 1057 4083 et
1079 4021 1218 4100 specula
1236 4038 1334 4087 curva
