3248 5392
433 549 498 614 ido

435 677 512 723 vero
535 668 661 741 partem
682 658 961 742 perpendicularis
983 666 1020 721 ut
1041 660 1096 733 ll,·
1118 660 1157 719 lrl
1175 676 1252 739 ergo
1267 664 1390 737 quanto
1404 657 1515 737 magis

435 771 598 851 procedit,
615 771 778 834 maiorem
794 770 892 832 habet
907 769 1099 833 distantiam
1115 787 1134 831 a
1150 767 1240 831 linea
1253 769 1330 842 ecd,·
1348 769 1386 829 dt
1401 773 1515 833 autem

435 881 633 960 mendaque
662 880 725 943 erit
753 879 979 960 aequidistans
1007 877 1115 941 lineae
1137 880 1225 952 eod,
1254 884 1286 941 et
1311 878 1515 959 quandoque

435 990 582 1071 iungitur
601 990 634 1053 ei
656 996 853 1071 apertast,
877 997 908 1053 et
932 989 1130 1069 quandoque
1153 989 1192 1050 dt
1212 987 1386 1063 nemetiam
1409 1005 1517 1069 angu-

308 1093 313 1102 '
435 1099 504 1163 lum
533 1101 624 1163 enim
653 1102 715 1162 aed
746 1099 904 1180 possibile
933 1106 983 1163 est
1007 1098 1207 1180 quandoque
1235 1115 1308 1162 esse
1339 1097 1426 1161 sicut
1453 1114 1515 1161 sn·

432 1209 550 1291 guium
574 1213 649 1284 ebt,
676 1217 709 1273 et
736 1218 832 1274 erunt
858 1219 1016 1290 utraeque
1039 1210 1148 1272 lineae
1171 1208 1452 1289 aequidistantes‚
1482 1215 1517 1271 et

433 1321 630 1402 quandoque
653 1321 759 1383 maior
780 1321 838 1383 illo
862 1327 896 1383 et
916 1320 1065 1399 iungitur
1080 1320 1126 1392 ei,
1141 1318 1339 1399 quandoque
1356 1334 1434 1381 vero
1449 1318 1516 1381 mi-

435 1448 511 1506 nor,
532 1438 567 1493 et
587 1431 692 1510 magis
714 1430 793 1493 inde
816 1430 998 1509 elongatur.

475 1541 600 1605 Rursus
629 1538 854 1604 describamus
880 1557 1061 1603 concavum
1087 1536 1278 1620 speculum,
1305 1538 1401 1603 auius
1429 1538 1512 1603 con·

429 1651 553 1714 cauus
575 1651 618 1713 sit
638 1666 752 1713 vorsus
774 1651 898 1724 visum,
922 1657 955 1712 et
976 1650 1018 1712 sit
1038 1651 1120 1729 obp,
1143 1657 1177 1711 et
1196 1656 1350 1712 centmm
1377 1648 1450 1712 eius
1472 1650 1512 1723 d,
1559 1652 1563 1659 '

431 1756 541 1841 sitque
563 1760 651 1823 risus
672 1780 711 1849 a„
726 1760 834 1839 primo
862 1760 989 1840 positus
1017 1761 1104 1824 inter
1130 1763 1281 1822 centrum
1307 1767 1341 1822 et
1366 1759 1509 1839 superil-

432 1871 518 1935 oiem
539 1869 681 1951 opsonii,
703 1877 735 1933 et
757 1870 967 1950 protrahatur
988 1866 1273 1950 perpendicularis
1294 1884 1376 1942 sos,
1397 1869 1512 1959 sitque

430 1981 543 2043 radius
564 1980 717 2061 proclivis
739 1982 790 2053 ab,
806 1986 840 2042 et
856 1980 1064 2059 protrahatur
1079 1976 1359 2059 perpendicularin
1373 1980 1419 2041 db
1438 1992 1513 2059 pro-

430 2092 551 2154 cedens
564 2090 609 2153 ad
622 2093 654 2164 d,
670 2098 703 2153 et
717 2090 887 2169 frangatur
900 2089 1012 2153 rudius
1031 2091 1068 2151 ab
1085 2089 1128 2152 ad
1142 2096 1270 2168 partem
1286 2088 1424 2168 quidem
1437 2104 1514 2169 per-

433 2199 655 2279 pendicularis
677 2217 776 2280 super
798 2202 846 2275 bt,
870 2201 911 2262 ad
932 2200 1097 2262 diversam
1118 2214 1194 2261 vero
1216 2207 1345 2278 partem
1368 2210 1511 2278 perpen-

433 2304 589 2372 dicularis
604 2327 706 2390 super
721 2308 771 2372 tt.
790 2310 1000 2372 Manifestum
1015 2316 1066 2372 ost
1078 2324 1163 2388 ergo,
1180 2309 1270 2389 quod
1286 2320 1510 2388 unaquaque

433 2436 470 2483 ex
493 2421 545 2493 dt,
565 2421 608 2482 tls
630 2427 752 2500 manto
776 2421 881 2498 magis
903 2418 1049 2498 procedit
1070 2419 1105 2481 in
1128 2425 1221 2499 parte
1237 2427 1262 2492 t,
1281 2419 1314 2492 lc,
1336 2416 1511 2497 elongatur

431 2530 538 2610 magis
559 2549 579 2594 a
601 2531 656 2592 th.
680 2528 840 2592 Distantia
858 2546 936 2609 ergo
955 2546 1070 2591 earum
1090 2527 1216 2593 alinea
1232 2531 1300 2592 dos
1317 2527 1382 2591 erit
1400 2526 1510 2589 maior

433 2656 534 2720 quam
555 2654 574 2703 a
596 2641 648 2703 tt.
671 2639 786 2718 ltaque
809 2647 931 2719 quanto
954 2638 1059 2718 magis
1080 2639 1335 2718 protendentur,
1357 2634 1509 2703 tancre

434 2750 588 2813 motiores
611 2752 730 2813 adas.

473 2861 597 2922 Rursus
619 2866 687 2924 esto
709 2867 861 2922 ceutnrm
879 2858 966 2922 inter
979 2876 995 2920 c
1010 2858 1074 2938 lap.
1087 2858 1142 2933 etl
1160 2866 1194 2921 ot
1205 2858 1511 2922 circumferentiam

429 2968 509 3048 obp,
529 2974 561 3032 et
578 2969 730 3032 flectatur
743 2971 781 3032 cd
800 2969 840 3031 ad
857 2976 985 3048 partem
1003 2969 1138 3049 quidem
1155 2967 1441 3050 perpendicularis
1451 2984 1510 3031 su·

432 3097 490 3158 per
511 3080 560 3154 lt,
582 3079 624 3142 ad
646 3080 810 3142 diversam
826 3097 904 3142 vero
920 3087 1048 3160 partem
1061 3076 1347 3159 perpendicularis
1359 3077 1511 3143 flectatur

431 3206 529 3270 super
544 3190 602 3264 tt;
616 3190 651 3251 bt
668 3206 744 3268 ergo
759 3195 884 3268 quanto
900 3189 1006 3268 magis
1020 3188 1168 3268 procedit
1186 3193 1227 3252 ad
1246 3189 1509 3271 partem-puncti

433 3308 457 3371 t,
480 3299 652 3377 elongatur
672 3300 713 3361 ab
736 3301 825 3374 edm
847 3298 985 3378 angulus
1008 3299 1098 3361 enirn
1117 3300 1179 3360 dte
1201 3299 1308 3362 maior
1322 3305 1373 3362 est
1387 3296 1510 3380 ungulo

428 3407 511 3480 'ltin
526 3407 615 3471 linea
629 3414 738 3472 autem
753 3408 793 3469 bic
807 3408 1006 3489 quandoque
1018 3408 1055 3470 lit
1068 3408 1289 3488 aequidistans
1302 3404 1412 3473 lineae
1424 3424 1511 3485 aas,

426 3525 463 3580 et
480 3519 678 3598 quandoque
695 3518 841 3597 iungitur
855 3519 885 3581 ei
901 3536 920 3580 a
935 3525 1026 3598 parto
1041 3525 1239 3598 punctorum
1254 3519 1287 3593 lt,
1302 3536 1336 3593 x,
1355 3524 1389 3582 et
1401 3532 1511 3601 quan·

430 3628 539 3707 doque
560 3628 665 3707 magis
687 3628 764 3691 inde
787 3627 966 3707 elongatur.
990 3626 1151 3691 Possibile
1174 3635 1223 3691 est
1245 3628 1338 3691 enim
1354 3628 1434 3701 ,deri
1452 3646 1510 3693 an·

432 3735 528 3815 gulam
542 3737 623 3811 aba,
645 3738 704 3818 qui
718 3744 768 3800 est
782 3735 890 3800 maior
903 3736 1025 3817 angulo
1041 3739 1118 3812 dds,
1138 3737 1339 3820 quandoque
1357 3738 1509 3819 aequata

432 3846 552 3927 angulo
573 3847 659 3922 odd,
680 3847 767 3910 sicut
788 3846 825 3909 fit
847 3847 1047 3928 quandoque
1068 3853 1229 3928 utraeque
1252 3845 1361 3911 lineae
1384 3848 1511 3913 luerim

430 3957 697 4036 aequidistantes‚
712 3964 746 4019 st
760 3957 956 4036 quandoque
971 3959 1088 4032 maior,
1103 3958 1188 4021 sicut
1203 3957 1241 4020 nt
1257 3972 1335 4021 cum
1348 3963 1510 4041 utraeque

426 4064 542 4130 lineae
564 4071 743 4148 protractae
766 4067 947 4146 iunguntur
964 4066 1026 4128 sibi
1045 4065 1200 4144 invicem,
1215 4067 1415 4148 quandoque
1429 4084 1508 4133 vero
