3278 5364
309 564 350 626 84

308 672 441 754 punctis
454 690 517 751 ομ
535 671 621 734 duae
638 656 931 751 perpendiculares
945 685 1044 751 super
1059 684 1117 748 ap,
1133 676 1167 734 et
1180 670 1250 732 sint
1262 687 1319 745 ca.
1332 688 1387 751 sp,

308 785 341 847 et
361 783 586 864 producantur
607 780 670 844 hae
694 780 777 844 uuae
798 778 1099 861 perpendiculares,
1116 798 1295 861 quousque
1309 779 1385 844 iun·

308 899 427 973 gantur
443 908 520 955 cum
534 890 664 954 duabus
677 889 781 953 lineis
790 891 839 953 dt
852 896 887 954 et
900 891 954 964 dt,
970 906 1048 953 cum
1062 888 1190 954 tuerint
1201 896 1388 971 protractae

308 1018 408 1084 super
427 1007 569 1082 punctos
593 1000 667 1075 kd,
689 1006 722 1062 et
742 999 918 1080 copuletur
938 997 1097 1074 lineat13
1117 999 1294 1079 inpuncto
1308 1016 1389 1081 ergo

312 1111 332 1174 t
354 1111 417 1173 erit
437 1110 544 1174 forma
564 1109 680 1189 puncti
701 1126 737 1184 e,
758 1107 847 1172 etin
870 1113 993 1188 puncto
1021 1108 1034 1170 t
1060 1107 1124 1171 erit
1143 1108 1253 1173 torma
1271 1109 1388 1191 puncti

308 1236 344 1294 s;
365 1218 455 1283 lines
476 1224 587 1283 antem
608 1217 642 1280 tt
662 1214 832 1298 copulabit
853 1223 1011 1299 utrasque
1024 1212 1247 1282 extraneitates
1259 1219 1390 1282 formae

308 1329 369 1392 rei.
390 1327 599 1392 Manifestum
620 1334 672 1392 est
692 1344 770 1407 ergo
793 1344 831 1389 ex
852 1325 906 1389 his
927 1343 1013 1407 quae
1029 1326 1187 1401 diximus,
1200 1327 1294 1408 qnod
1307 1344 1387 1391 cnm

310 1436 424 1518 anguli
452 1438 578 1519 figurae
600 1455 634 1513 o,
649 1455 683 1517 p,
700 1454 766 1513 ω
791 1436 918 1499 fuerint
938 1435 1043 1511 recti,
1069 1442 1199 1517 oportet
1218 1442 1259 1500 nt
1277 1454 1324 1518 op
1343 1437 1387 1501 sit

310 1548 398 1610 sicut
418 1566 473 1623 ea,
495 1554 530 1611 et
549 1566 591 1612 ca
611 1547 698 1610 sicut
717 1564 771 1625 ps.
798 1545 947 1609 Diximus
969 1562 1108 1627 quoqne
1127 1545 1165 1609 in
1186 1546 1388 1628 praetaxatis

309 1656 491 1737 principiis,
514 1656 605 1737 quod
625 1674 668 1720 oe
686 1661 738 1719 est
758 1662 796 1718 ut
812 1655 873 1729 ot,
894 1661 928 1720 et
946 1672 993 1734 ps
1011 1655 1099 1719 sicut
1110 1656 1165 1735 pt·
1186 1661 1294 1719 totum
1308 1670 1390 1737 ergo

308 1766 376 1830 ecl
397 1771 446 1829 est
466 1765 555 1829 sicut
576 1771 684 1829 totum
705 1767 782 1844 apl,
805 1771 839 1829 et
861 1763 898 1826 tt
918 1763 1006 1827 sicut
1025 1781 1082 1839 es,
1097 1769 1139 1829 ¹et
1158 1764 1230 1829 duo
1250 1762 1391 1847 angult,

309 1876 468 1955 quisunt
490 1891 592 1956 penes
614 1880 755 1955 punctos
768 1875 803 1950 t,
819 1875 845 1949 t,
867 1880 946 1937 sunt
967 1875 1059 1936 recti.
1080 1872 1150 1937 Erit
1169 1862 1392 1955 esqopcsitlo

308 1985 418 2050 lineae
433 2001 519 2066 quae
533 1984 667 2065 copulat
680 1984 840 2048 terminos
853 1984 981 2047 formae
994 1982 1045 2047 rei
1057 1982 1222 2053 edendae
1235 1982 1328 2047 sinat
1337 1983 1389 2049 ‹li-

251 2142 266 2167 .
307 2095 437 2171 ximus,
465 2103 498 2159 et
519 2095 583 2160 erit
601 2111 641 2158 cz
659 2099 811 2174 coaptata
832 2109 940 2173 super¹
954 2091 992 2154 tt
1012 2090 1050 2155 in
1073 2108 1117 2157 eo
1134 2091 1229 2172 quoti
1248 2100 1390 2175 apparet

308 2203 397 2268 visui
424 2207 466 2280 d,
496 2211 529 2267 et
555 2205 620 2267 erit
640 2202 799 2266 distantia
815 2202 889 2266 eius
909 2201 1095 2266 secundnm
1115 2192 1386 2282 oppositionem,

310 2320 344 2377 et
364 2311 484 2376 similis
506 2311 682 2375 auantiae
705 2317 738 2374 et
758 2311 916 2391 positioni
937 2310 1028 2388 eius,
1048 2316 1084 2373 et
1101 2308 1292 2375 continebit
1311 2328 1387 2375 eam

310 2440 399 2486 nnus
425 2427 458 2485 et
479 2420 576 2484 idem.
590 2419 752 2501 anginas,
774 2419 833 2501 qui
855 2426 906 2484 est
927 2420 1011 2496 aar,
1042 2434 1144 2500 quem
1164 2436 1220 2484 res
1239 2418 1387 2485 videnda

308 2532 481 2596 videbatur
501 2530 699 2593 subtendere
722 2529 907 2593 secundum
929 2529 1133 2610 positionem
1152 2546 1287 2607 rernm,
1302 2546 1386 2610 quas

307 2641 580 2722 praeposuimus3
603 2639 729 2703 formae
751 2638 841 2701 enlm
855 2654 985 2713 rernm,
998 2653 1082 2718 quas
1096 2637 1256 2720 aequales
1268 2636 1387 2720 anguli

310 2751 497 2826 continent,
518 2765 596 2812 cum
617 2749 743 2813 tuerint
763 2765 824 2829 per
843 2747 960 2812 omnia
979 2745 1148 2828 aequales,
1164 2747 1290 2813 debent
1303 2747 1384 2813 uni-

308 2858 480 2924 versaliter
505 2875 663 2941 apparere
691 2857 861 2938 aequales.
889 2858 928 2921 ln
950 2856 1062 2938 planis
1083 2856 1230 2939 speculis
1249 2865 1386 2941 apparet

308 2969 416 3050 figura
440 2968 567 3032 formae
594 2967 644 3031 rei
672 2967 891 3049 quantitatem
918 2965 1093 3043 habentis,
1114 2964 1237 3030 similis
1255 2965 1386 3049 ligures

308 3077 489 3154 carcerei,
511 3077 542 3141 si
563 3084 650 3142 esset
679 3077 787 3157 posits
806 3075 843 3139 in
864 3075 941 3140 loco
960 3075 1101 3141 ramilis
1121 3076 1210 3141 raclii
1230 3076 1308 3141 sine
1328 3094 1383 3145 rs·

307 3187 549 3254 verberatione.

350 3300 427 3361 licto
448 3296 553 3377 figura
575 3294 642 3377 (ἥρ.
659 3294 718 3374 26)
737 3293 871 3358 habens·
887 3292 1148 3376 aequidistantia
1163 3292 1268 3359 latera
1279 3300 1317 3361 et
1329 3310 1384 3359 an·

307 3405 404 3487 gulos
425 3412 534 3470 rectos
555 3405 668 3485 obed,
689 3409 723 3467 et
743 3401 933 3467 dividantur
953 3403 1058 3467 latera
1078 3403 1153 3466 eius
1174 3402 1212 3467 in
1229 3402 1318 3468 duas
1331 3420 1386 3468 ae·

309 3514 424 3596 quales
439 3522 549 3596 partes
565 3515 600 3577 in
615 3513 747 3596 punctis
760 3530 832 3591 aa,
844 3515 878 3589 l,
892 3522 917 3587 t,
933 3520 966 3577 et
981 3513 1219 3594 protrahantur
1232 3512 1280 3577 ibi
1297 3514 1382 3577 cluse

305 3625 415 3688 lineae
442 3625 526 3699 eka,
552 3624 638 3698 att,
667 3631 700 3687 et
720 3623 967 3687 constituantur
988 3624 1074 3686 duae
1095 3622 1382 3688 circumferentiae

306 3740 514 3799 transeuntes
528 3751 589 3814 per
602 3741 764 3814 punctum
774 3750 803 3811 s,
816 3751 960 3814 quarum
973 3733 1080 3797 altera
1092 3733 1136 3795 sit
1149 3750 1251 3797 curva
1264 3752 1380 3799 versus

305 3843 479 3926 speculum
501 3851 535 3907 et
554 3843 685 3907 radium
708 3844 911 3919 refractum,
938 3850 970 3907 et
992 3843 1036 3906 sit
1056 3845 1149 3919 tam
1175 3842 1283 3907 altera
1302 3860 1383 3907 vers

305 3952 573 4019 circumferentia
594 3953 639 4015 sit
659 3970 804 4031 concava
825 3952 946 4017 similis
968 3951 1033 4026 illi,
1056 3959 1089 4016 et
1110 3952 1154 4016 sit
1173 3970 1259 4028 ass,
1280 3952 1329 4017 ita
1345 3958 1382 4016 nt

308 4065 351 4125 tz
383 4065 426 4128 sit
451 4063 734 4145 perpendicularis
765 4082 877 4157 super·
891 4081 966 4138 eas,
990 4064 1076 4127 sicut
1105 4062 1226 4146 accidit
1254 4061 1291 4126 in
1317 4062 1383 4127 situ
