3278 5364
1065 547 1126 613 tet

57 655 200 719 xerimus
224 657 299 732 iti,
329 663 361 721 et
388 657 595 738 posuerimus
617 675 686 720 rem
709 657 885 725 ridendam
911 677 1010 740 super
1037 660 1068 735 i,
1097 665 1130 724 et

57 767 309 848 protraxerimus
331 767 372 831 eh
394 785 434 832 eo
457 767 758 850 perpendicularem
777 769 852 831 imo
873 787 971 850 super
986 789 1045 850 ep,
1067 770 1130 835 orit

56 877 186 940 format
208 877 243 939 in
267 877 338 941 loeo
353 875 401 950 m,
426 885 459 943 et
482 878 588 945 forme
609 897 693 959 quae
710 879 838 943 ridetur
855 897 954 961 super
970 888 1128 962 punemm

56 1007 108 1062 m,
136 988 198 1054 erit
224 990 381 1056 remotior
410 1007 509 1071 quam
536 990 642 1057 torma
668 1008 753 1070 quae
775 990 902 1055 videtur
923 1009 1022 1072 super
1041 1010 1128 1073 pun·

57 1106 149 1167 etum
169 1100 188 1160 i
209 1118 277 1168 non
301 1099 363 1168 erit
384 1100 542 1167 remotior
557 1099 759 1184 simpliciter,
773 1101 831 1168 sed
844 1102 1028 1169 seeundum
1043 1102 1130 1183 quod

58 1208 89 1273 ei
114 1209 256 1291 pertinet
284 1210 318 1275 iu
346 1211 568 1292 proportione.
595 1210 676 1285 Quia
703 1229 780 1292 ergo
801 1221 838 1292 tp
859 1219 891 1277 et
913 1213 952 1277 io
973 1211 1010 1275 in
1033 1211 1130 1293 pinno

58 1320 232 1407 superficie
257 1329 335 1389 sunt
362 1323 638 1403 aequidistantes,
660 1323 721 1385 erit
745 1323 859 1403 utique
882 1323 1048 1405 proportio
1069 1343 1130 1386 mo

58 1431 99 1495 ad
115 1431 159 1510 ip
182 1430 265 1497 siout
285 1433 452 1516 proportio
469 1431 525 1496 mi
547 1433 589 1497 ad
605 1432 663 1507 tet,
686 1440 718 1498 et
738 1434 902 1514 proportio
918 1433 953 1501 ib
969 1434 1010 1499 od
1028 1435 1062 1497 tt
1079 1451 1130 1497 er·

58 1542 147 1616 dem,
170 1550 201 1605 et
218 1543 278 1605 erit
295 1544 458 1624 proportio
475 1563 533 1607 mo
550 1544 590 1611 ad
606 1544 648 1622 ip
669 1544 754 1611 siout
767 1543 934 1624 proportio
955 1545 989 1609 li
1011 1543 1053 1609 ad
1075 1545 1128 1620 it,·

57 1653 315 1721 demonstratum
337 1662 385 1719 est
407 1673 482 1734 ergo
498 1655 532 1717 id
546 1653 635 1734 quod
651 1653 768 1718 aeoidit
782 1654 817 1716 in
833 1671 968 1734 requae
984 1663 1126 1736 apparot,

58 1780 133 1831 curn
154 1764 245 1835 visus
263 1763 417 1831 fueritin
440 1764 605 1831 subtiliori
627 1781 772 1845 corpore.

101 1875 180 1941 Cum
207 1877 306 1943 fuerit
333 1883 444 1943 autem
471 1875 560 1943 visus
586 1876 712 1956 positus
734 1876 769 1942 in
793 1876 947 1955 grossiori
969 1894 1128 1958 corporo,

61 1987 225 2071 proportio
248 1987 419 2055 distantiae
441 1986 483 2049 ad
505 1985 692 2050 distantiam
710 1985 773 2053 erit
786 1985 905 2053 similis
918 1995 983 2066 per
992 2003 1031 2051 eo
1046 2003 1130 2066 piros

60 2096 213 2177 diximum
237 2097 395 2165 distortio
413 2096 489 2161 ‘vero
513 2096 690 2176 figurarum
712 2114 822 2163 rerum
838 2096 1053 2162 videndarum
1067 2097 1129 2162 orit

61 2208 278 2289 numquam
292 2208 448 2275 distantia
463 2225 575 2275 rerum
587 2225 750 2273 verarum.
767 2206 801 2270 Si
816 2207 906 2275 enim
921 2207 1129 2287 posuerimus

60 2317 181 2385 lineam
194 2320 243 2381 tu
259 2319 346 2403 quod
356 2320 397 2383 sit
408 2318 501 2394 ilem,
514 2318 716 2381 constituens
729 2318 885 2398 anguium
896 2319 956 2384 iiii
970 2317 1131 2385 maiorem

61 2427 180 2514 angulo
209 2431 292 2502 dir,
320 2429 547 2511 proportiones
575 2430 690 2508 utique
719 2428 949 2493 distantiarum
975 2445 1131 2495 nettmrtev⁴

60 2540 143 2611 bunt
165 2540 205 2603 ad
228 2541 369 2608 invicem
391 2542 425 2607 in
448 2546 536 2607 stetu
553 2558 623 2613 suo,
641 2539 808 2620 proportio
825 2539 915 2606 enim
932 2539 1129 2603 distantiaei

60 2651 101 2719 ad
123 2651 337 2718 distantiamt
358 2669 471 2717 rursus
487 2651 549 2714 erit
563 2651 648 2717 sieut
666 2650 831 2731 proportio
851 2649 1071 2715 dissentirem
1091 2649 1130 2714 od

62 2761 247 2829 distantiam
271 2763 299 2827 k.
323 2761 358 2825 In
380 2778 577 2842 unaquaque
604 2767 715 2825 autem
742 2777 857 2827 samm
883 2760 921 2824 iit
941 2777 959 2825 o
983 2759 1131 2833 divorum

26 2876 28 2881 ’
60 2873 180 2950 positio
194 2873 284 2937 enim
298 2882 320 2946 t,
340 2889 424 2952 quae
442 2880 490 2935 est
506 2890 558 2934 res
570 2871 719 2944 videnda,
734 2871 795 2939 arii
806 2871 1133 2952 propinquior-quem
1144 2912 1165 2955 ,

53 2982 167 3058 'forma
188 3002 247 3049 sua
262 3001 346 3062 quse
361 2991 410 3047 est
423 2983 454 3058 i,
469 2991 507 3045 ut
522 2984 640 3062 positio
656 2984 666 3044 t
683 2981 895 3063 propinquior
910 2997 1010 3060 quam
1026 2980 1133 3045 iorma

62 3111 122 3156 sua
143 3111 226 3173 quae
250 3101 299 3157 est
319 3113 360 3161 m.

105 3205 228 3271 Rursus
250 3204 481 3285 protrahantur
503 3204 615 3269 arim
636 3206 656 3266 d
679 3203 743 3283 (dp.
759 3202 835 3277 itdoi
860 3202 926 3269 duo
940 3202 1025 3269 radii
1040 3201 1081 3267 sti
1095 3200 1132 3262 li·

62 3333 160 3381 neem
181 3335 238 3394 po,
261 3322 293 3381 ot
314 3315 380 3383 sint
402 3318 461 3392 do,
482 3317 544 3394 dp,
566 3315 698 3393 strnue
715 3333 734 3377 a
749 3311 906 3401 lateribus
920 3312 1134 3393 perpendicu-

62 3426 141 3494 laris
151 3426 225 3502 die,
240 3432 272 3495 ot
287 3425 460 3493 flectantur
471 3425 512 3489 od
524 3425 685 3491 diversam
701 3431 825 3503 portem
841 3420 1134 3504 perpendiouioris,

63 3555 162 3618 snper
171 3556 222 3614 oz,
236 3539 289 3616 hp,
302 3546 336 3600 et
346 3538 537 3606 eondneeot
550 3535 696 3616 aliquam
710 3533 984 3614 magnitudinem.
997 3550 1082 3613 quae
1092 3534 1136 3601 sit

63 3647 152 3714 tinea
173 3647 332 3728 copulans
355 3649 512 3717 terminos
534 3629 771 3725 magnitudinis
785 3645 864 3719 red,
888 3652 921 3709 et
943 3643 1136 3724 eopulentur

63 3757 172 3825 lineae
193 3761 252 3835 dr,
273 3760 329 3822 dit
352 3757 560 3826 Manifestum
573 3764 627 3823 ¹eet
643 3774 721 3837 ergo
736 3757 825 3836 qnod
841 3753 982 3836 soprius
996 3757 1064 3834 otio
1087 3762 1135 3821 est

65 3869 170 3931 maior
192 3867 312 3949 angulo
334 3862 415 3945 adit}
439 3842 596 3949 quoniam
617 3867 773 3933 flexiones
790 3865 958 3935 destinant
974 3865 1016 3931 ad
1031 3865 1136 3933 divor-

65 3999 136 4047 sam
158 3988 283 4061 partem
305 3977 597 4062 perpendicularis.
620 3986 652 4045 et
672 3976 833 4045 videbitur
852 3978 898 4043 rit
920 3994 997 4045 eum
1017 3975 1135 4043 maiori

67 4089 198 4172 angulo,
222 4090 376 4161 distentio
398 4097 431 4159 st
451 4089 615 4171 positione
631 4087 841 4155 manentibus
855 4087 889 4155 in
907 4087 1023 4157 sudoro
1038 4091 1136 4154 stom
1158 4129 1161 4133 -
