3278 5364
632 637 764 707 §Elim
780 637 958 722 curules

593 908 639 983 Dc
665 906 781 1007 Opllcr's
807 908 995 985 Tholoosoes'.

268 1254 270 1258 Α
303 1200 388 1267 dnm-
411 1199 511 1281 igilur
537 1196 574 1263 in
598 1197 805 1280 praecedenti
826 1215 978 1264 sermone
999 1199 1199 1267 sufficienler
1220 1201 1323 1270 locuti

261 1311 368 1377 simus
387 1310 430 1377 de
450 1309 621 1393 principiis
636 1316 670 1375 et
682 1309 797 1373 imads
819 1309 1083 1388 conditionibus,
1105 1312 1229 1394 quihus
1242 1315 1325 1380 indi·

258 1429 356 1504 petor
379 1428 413 1486 et
437 1419 624 1487 commoda
650 1425 700 1485 eet
726 1419 866 1484 scientia
892 1438 1008 1485 eorum
1035 1421 1072 1485 in
1097 1423 1259 1505 speculis,
1274 1473 1276 1476 ι
1289 1432 1323 1492 el

257 1532 486 1597 intimaremus
502 1530 635 1597 habitus
649 1531 840 1606 formarum,
856 1549 941 1614 quae
955 1539 1112 1615 apparent
1128 1533 1166 1597 in
1179 1535 1321 1618 speculis

259 1642 369 1727 plenis
382 1647 415 1708 cl
430 1643 555 1719 curris,
573 1647 606 1707 et
620 1642 802 1707 diceremus
819 1660 905 1725 quae
919 1649 1047 1725 oportet
1062 1644 1098 1707 in
1114 1644 1162 1709 eis
1176 1623 1324 1713 cocidere

260 1755 303 1821 de'
314 1752 480 1821 uniuersis
496 1753 594 1819 rebus
606 1752 775 1829 videndis,
790 1752 910 1819 dehent
922 1753 982 1818 illc
995 1754 1090 1836 sequi
1105 1756 1141 1819 iu
1158 1759 1323 1838 praesenti

260 1876 416 1933 sermone.
438 1865 568 1950 reliquo
591 1883 729 1944 eorum,
756 1882 841 1947 queo
866 1878 1026 1948 exponere
1048 1869 1261 1950 promisimus
1282 1873 1323 1936 de

300 2087 456 2156 Dicemus
476 2106 552 2171 ergo
574 2105 614 2153 es
634 2104 716 2170 quae
741 2087 897 2153 occidunt
916 2092 949 2154 el
970 2094 1127 2172 apparent
1146 2091 1183 2156 in
1204 2090 1323 2159 ultimo

259 2218 379 2284 genere
405 2198 617 2282 speculorum
643 2197 867 2282 simplicium,
895 2216 981 2281 queo
1005 2219 1074 2266 non
1095 2207 1175 2267 sunt
1194 2218 1323 2286 compo

259 2312 337 2389 siu,
353 2311 503 2377 videlicet
515 2313 556 2376 de
569 2311 731 2394 speculis,
745 2327 889 2392 quorum
906 2311 1096 2394 superficies
1113 2312 1199 2379 risui
1215 2315 1323 2381 subia-

259 2442 339 2491 cens
359 2430 410 2489 ost
427 2440 585 2498 concere,
607 2429 641 2487 et
659 2423 875 2504 procedamus
896 2423 933 2486 in
954 2423 1017 2488 hoc
1032 2424 1214 2490 secundum
1233 2427 1322 2508 quod

260 2534 298 2599 in
317 2532 393 2599 eliis
414 2533 652 2617 processimus;
674 2540 707 2598 ct
722 2551 838 2599 rursus
857 2532 1120 2599 demonstremus
1139 2535 1196 2601 hic
1215 2538 1322 2619 primo

259 2644 349 2727 quod
373 2618 527 2728 possibile
552 2652 602 2710 est
626 2645 663 2709 in
690 2645 841 2709 concavis
867 2644 1011 2728 speculis
1031 2645 1104 2711 deri
1128 2648 1320 2713 reverbere-

261 2756 388 2823 cionem
412 2755 514 2820 innius
541 2762 575 2821 cl
599 2754 748 2821 ciusdem
773 2753 912 2842 risibilis
938 2755 1038 2834 redii,
1060 2758 1257 2840 quandoque
1283 2777 1321 2824 er

259 2867 421 2933 universis
444 2866 616 2949 portibus,
642 2873 676 2931 et
700 2867 896 2950 quandoque
918 2884 958 2935 ex
974 2868 1145 2934 universis
1172 2870 1321 2953 parribus

258 2976 374 3045 circuli
387 2976 522 3060 perlecti
539 2978 579 3042 de
597 2976 727 3042 circulis
745 2977 831 3054 eius,
849 2978 1047 3061 quaudoque
1063 2997 1141 3045 vero
1158 2997 1198 3045 ex
1217 2981 1321 3046 tribus

258 3088 341 3155 locis
362 3087 435 3153 eius
454 3087 508 3153 vel
523 3087 566 3154 de
578 3089 707 3154 duobus
729 3094 869 3166 tentum,
889 3095 1029 3155 autnon
1046 3089 1182 3174 refringi
1203 3091 1243 3156 ab
1260 3091 1321 3157 eli·

259 3218 325 3284 qno
339 3198 413 3265 loco
427 3199 508 3265 siue.
524 3198 654 3281 Oportet
674 3218 750 3282 ergo
764 3205 802 3263 ut
817 3199 1055 3280 distinguemus
1077 3205 1111 3266 el
1122 3199 1319 3284 explicemus

257 3311 296 3377 iu
311 3328 381 3394 quo
391 3308 466 3375 loco
482 3309 521 3374 fit
533 3311 793 3393 unumquodque
807 3310 1060 3394 praedictorum,
1074 3317 1109 3376 ei
1123 3313 1319 3395 quandoque

256 3423 355 3491 debet
383 3420 458 3487 fieri
488 3421 596 3486 formo
625 3423 842 3504 quarumdem
873 3423 1109 3488 seductionum
1136 3423 1319 3489 secundum

258 3530 439 3617 quemlibet
458 3533 594 3599 modum
615 3531 727 3597 dehis
749 3550 832 3615 quae
853 3533 1108 3616 praeposuimus.

297 3643 445 3709 Dicimus
452 3660 529 3725 crgo
538 3643 625 3725 quod
632 3643 1058 3710 reverberatioahunirersc
1066 3644 1237 3728 superficie
1246 3664 1319 3730 spe·

257 3753 324 3820 culi
338 3754 377 3819 ur
389 3755 447 3821 iic.
464 3755 539 3819 Esto
555 3753 656 3819 sectio
673 3753 786 3819 circuli
800 3755 838 3819 in
853 3755 987 3839 speculo
1005 3773 1158 3836 concavo,
1171 3776 1255 3841 quae
1269 3765 1318 3824 esi

257 3866 319 3947 cip
334 3866 401 3948 (pp.
416 3864 489 3942 dil,
506 3863 600 3929 ouius
616 3864 733 3930 circuli
746 3865 791 3928 sit
803 3873 953 3931 centrum
966 3868 1002 3944 d,
1016 3874 1049 3933 et
1060 3867 1267 3951 protrahatur
1280 3870 1318 3933 in

258 3975 429 4060 speculum
442 3974 719 4058 perpendicularis
733 3977 792 4057 id,
804 3977 912 4059 sitque
925 3978 1013 4043 visus
1026 3984 1166 4061 punctus
1178 3981 1213 4055 d,
1228 3985 1261 4044 et
1273 3981 1317 4065 sil

258 4093 397 4170 puseus
411 4105 428 4153 s
445 4087 593 4153 medium
608 4087 806 4171 aspicientis,
820 4094 853 4155 et
865 4090 1082 4155 constituetur
1094 4091 1131 4155 in
1144 4091 1316 4175 superficie

1261 4253 1264 4259 ,
1287 4201 1304 4255 ’1
