3278 5364
345 551 388 620 98

343 663 407 731 ista
419 660 1187 748 superceutnrmdcircumierentisrelt,secam
1199 660 1408 730 latitudinem

344 774 541 860 aspicientis,
548 781 580 840 et
591 773 821 857 protrahantur
833 774 916 838 duae
928 772 1035 838 lineae
1046 775 1123 849 aad,
1135 773 1212 853 pta.
1221 775 1326 837 Erunt
1337 790 1410 856 erge

343 885 627 972 perpendiculares
653 902 753 969 super
777 884 958 973 speculum.
986 882 1104 948 Omnes
1131 884 1231 965 igitur
1252 886 1339 950 radii
1360 904 1410 951 ca·

344 999 457 1064 dentes
480 1003 640 1082 epunctu
660 997 682 1062 d
701 1014 798 1079 super
826 995 1124 1061 circumferentiam
1144 996 1212 1076 ate
1230 997 1409 1080 refringun-

346 1120 399 1178 tur
426 1112 462 1175 in
488 1127 524 1175 se
549 1109 638 1192 ipsos
666 1106 708 1173 ad
736 1113 894 1190 punctum
914 1108 953 1184 d,
982 1112 1015 1172 et
1034 1106 1361 1190 comprehenduntur
1379 1115 1411 1174 et

341 1222 529 1290 sentiuntur
544 1238 602 1304 per
615 1218 698 1298 loca,
711 1236 808 1303 super
822 1237 906 1302 quae
923 1219 1046 1284 cadunt
1058 1236 1080 1283 a
1092 1219 1166 1283 risu
1178 1219 1265 1285 radii
1279 1219 1407 1287 similes

343 1338 399 1412 dc,
413 1333 472 1410 st,
485 1335 541 1415 dp,
563 1338 597 1398 et
612 1330 934 1415 comprehenduntur
949 1337 983 1395 et
995 1330 1183 1395 sentiuntur
1195 1350 1256 1415 per
1268 1338 1410 1415 punctos

343 1444 718 1528 ar,lartcciditqucque
730 1440 929 1507 similiterin
942 1442 1103 1506 universis
1111 1443 1262 1525 partibus
1271 1443 1408 1527 speculi,

342 1575 427 1643 quae
454 1553 641 1621 sentiuntur
664 1571 724 1637 per
750 1553 865 1618 basem
885 1551 1025 1617 visibilis
1045 1553 1236 1640 pyramidis.
1262 1554 1298 1619 Si
1320 1554 1410 1621 enim

344 1666 644 1743 existimaverimus,
665 1664 755 1748 quod
775 1663 964 1747 superficies
976 1666 1061 1745 adp,
1075 1681 1154 1729 cum
1168 1664 1313 1731 volvitur
1325 1666 1411 1733 circa

344 1797 438 1847 arem
450 1779 502 1855 ts,
518 1777 694 1843 constituat
706 1775 919 1859 pyramidem,
934 1775 996 1840 erit
1010 1775 1100 1859 qued
1112 1775 1278 1843 videbitur
1291 1776 1330 1843 iu
1343 1783 1413 1844 tots

343 1889 515 1975 superficie
535 1886 660 1973 speculi
677 1888 784 1953 torma
803 1886 1006 1970 aspicientis,
1020 1904 1105 1969 qrrae
1122 1893 1171 1951 est
1183 1904 1263 1965 una,
1275 1895 1312 1953 et
1323 1889 1412 1955 vids·

344 2003 433 2068 bitur
458 2018 560 2085 penes
585 1998 800 2083 superficiem.
824 1998 917 2063 Radii
939 1997 1029 2062 enim
1054 1997 1112 2080 qui
1133 1998 1412 2082 protrahuntura

345 2118 467 2198 puncto
489 2113 510 2177 d
531 2111 573 2177 sd
593 2109 801 2194 superficiem
821 2108 958 2193 speculi,
980 2114 1014 2174 et
1026 2109 1315 2192 perpendiculares
1328 2129 1412 2195 quae

344 2225 423 2290 inde
443 2241 541 2306 super
555 2240 611 2287 ecs
626 2241 646 2286 a
659 2219 792 2304 speculo
813 2220 1051 2304 refringrmtur,
1072 2221 1272 2286 conveniunt
1283 2221 1321 2285 in
1335 2222 1410 2289 lnce

241 2404 246 2421 ,
346 2334 500 2400 omnibus
522 2332 691 2396 communi
712 2337 745 2395 et
764 2330 965 2414 superficiei,
988 2330 1028 2395 de
1044 2349 1112 2412 qua
1126 2331 1165 2395 dt
1180 2332 1411 2409 reverberatio,

346 2451 379 2511 et
403 2443 486 2509 haec
518 2443 704 2525 superficies
733 2447 783 2507 est
809 2440 869 2505 illa
896 2459 979 2523 quae
1000 2441 1156 2506 terminat
1175 2439 1250 2507 loca
1268 2442 1411 2509 formae.

347 2554 572 2621 universaliter
592 2558 702 2618 autem
723 2553 760 2616 dt
775 2551 995 2618 reverberatio
1008 2552 1044 2616 in
1063 2551 1256 2617 huiusmodi
1267 2552 1412 2637 speculis

347 2665 509 2732 acirculc
531 2664 713 2730 secundum
733 2664 819 2728 hanc
839 2663 1045 2746 positionem.

390 2775 594 2842 describatur
605 2774 746 2839 circulus
757 2775 846 2856 ctpd
858 2758 1099 2855 (pipilianius
1110 2774 1268 2841 diameter
1278 2776 1325 2841 sit
1335 2775 1412 2855 led,

347 2895 380 2955 et
392 2886 560 2969 amnentur
570 2894 670 2968 super
682 2885 746 2950 ted
762 2886 826 2949 duo
839 2885 952 2967 puncti
964 2903 1004 2951 ex
1014 2884 1172 2950 lateribus
1185 2887 1301 2969 puncti
1311 2886 1412 2972 aqui

347 3004 396 3064 est
408 3003 565 3075 centrum,
581 3002 614 3061 et
624 2996 692 3059 sint
703 3015 736 3071 r,
751 2996 787 3073 t,
804 2996 909 3081 sitque
924 3013 966 3060 er
979 2996 1065 3060 sicut
1079 2997 1137 3071 ct,
1152 3002 1186 3061 et
1199 3001 1345 3063 mussat
1354 3016 1419 3083 per-

348 3113 531 3193 punctumc
545 3106 703 3172 diameter
716 3113 842 3170 erectus
853 3124 952 3189 super
963 3105 1161 3171 fficmetrum
1171 3107 1240 3172 ted
1252 3108 1413 3173 adrectos

348 3217 495 3300 angulos,
503 3224 535 3283 et
545 3218 589 3281 sit
597 3223 708 3298 ciaet
716 3216 909 3300 copulentur
920 3215 1028 3283 lineae
1037 3218 1155 3293 rc,slt.
1163 3217 1412 3303 Quoniamergc

346 3349 384 3394 ss
398 3333 447 3394 est
460 3329 545 3394 sicut
555 3329 615 3406 cla,
629 3333 662 3393 et
673 3327 764 3408 linea
775 3344 815 3392 ce
828 3332 878 3391 est
890 3327 1087 3406 communis,
1097 3326 1253 3410 stanguli
1262 3328 1411 3411 quisunt

347 3422 448 3524 penes
461 3456 478 3504 e
491 3438 582 3515 recti,
598 3440 660 3504 erit
670 3437 808 3520 angulus
820 3458 884 3504 sce
896 3439 982 3503 sicut
992 3437 1133 3521 angulus
1143 3442 1215 3504 cels
1225 3441 1330 3505 Erunt
1339 3458 1413 3525 ergo

347 3549 455 3616 lineae
471 3550 532 3626 alt,
549 3569 592 3616 cr
608 3549 737 3615 retracti
751 3550 792 3613 ad
805 3548 959 3631 aequales
976 3548 1122 3630 angulos
1140 3548 1300 3615 Similiter
1313 3550 1413 3642 edum

347 3660 537 3742 refringitur
553 3677 573 3724 a
589 3668 710 3742 puncto
727 3680 761 3742 9,
783 3668 817 3725 et
828 3660 857 3725 si
872 3659 997 3743 opinati
1011 3659 1171 3726 fuerimus
1185 3662 1277 3743 οὐρά
1295 3663 1414 3729 sectio-

349 3789 427 3836 nem
448 3788 520 3836 esse
547 3770 679 3849 circuli,
704 3771 762 3853 qui
784 3777 832 3834 est
857 3770 891 3834 in
923 3788 1064 3836 concavo
1088 3771 1244 3853 speculo,
1270 3778 1305 3838 et
1323 3774 1413 3857 qued

348 3881 537 3966 superficies
557 3882 623 3945 ast
643 3881 781 3947 volvitur
795 3883 880 3946 circa
894 3881 1091 3947 diametrum
1105 3883 1164 3959 tc,
1177 3888 1340 3965 punctum
1351 3883 1413 3949 uti·

349 4012 413 4076 que
433 4011 472 4070 c,
504 3992 658 4059 describit
677 3994 715 4056 in
746 3993 877 4077 speculo
907 3992 1088 4070 circulum,
1117 3999 1152 4058 et
1188 3995 1413 4077 refringuntur

350 4121 464 4171 omnes
488 4104 583 4180 radii,
610 4104 668 4188 qui
693 4105 874 4188 procedunt
894 4122 993 4187 super
1013 4104 1103 4169 hunc
1124 4102 1287 4171 circtdum
1307 4103 1410 4171 simili

350 4214 544 4282 retractione
566 4234 632 4298 qua
652 4216 875 4299 refringtmtur
895 4218 966 4281 sat.
