3278 5364
1281 526 1319 588 57

258 615 315 718 nni
336 639 367 700 ei
388 637 558 711 convenit,
580 637 745 715 cognoscit
771 654 845 699 eam
867 653 925 717 per
952 636 1250 700 manifestationem
1270 652 1323 699 cea

257 755 401 811 terarum
414 747 651 823 diversitatum
667 752 699 809 et
713 745 762 808 sic
773 746 971 826 quandoque
983 754 1114 828 apparet
1127 747 1158 810 si
1169 728 1319 819 res'vera,

258 866 291 920 et
310 857 507 937 quandoque
527 856 717 935 imaginatio
738 854 838 934 ialsa3
859 856 1050 936 imaginatio
1068 857 1204 936 quidem
1222 855 1320 928 falsa,

259 967 344 1030 sicut
363 966 421 1031 illa
443 984 526 1047 quae
544 966 663 1029 accidit
677 967 717 1028 de
731 965 863 1030 fallacia
875 966 912 1028 in
926 966 1109 1046 praedictis·
1117 966 1227 1041 rebus,
1240 965 1322 1029 ima-

260 1076 383 1156 ginatio
405 1083 516 1140 autem
535 1094 613 1139 vera
633 1082 670 1138 ut
691 1093 730 1139 ex
750 1093 786 1138 re
807 1076 912 1156 magis
932 1076 1067 1156 obliqua
1084 1081 1117 1140 et
1133 1071 1250 1156 parr'a3
1266 1093 1323 1139 na·

250 1186 409 1266 ,turatitar
429 1187 520 1249 enim
544 1187 642 1250 debet
665 1203 738 1249 esee
764 1186 800 1248 in
827 1185 1055 1267 propinquiori
1080 1184 1171 1260 loco,
1192 1192 1322 1248 etcum

259 1297 424 1361 resilere
447 1296 587 1360 sentitur
612 1313 711 1359 cansa
735 1295 1007 1376 propinquitatis,
1032 1302 1066 1360 et
1090 1297 1181 1359 visos
1206 1294 1323 1359 incidit

260 1423 360 1486 super
376 1423 451 1471 eam
461 1425 500 1470 ex
511 1424 549 1469 ea
560 1412 651 1487 parte
663 1407 790 1490 quaesi
802 1406 934 1486 propria
948 1413 1007 1480 est,
1020 1406 1240 1470 consideratio
1255 1422 1322 1467 non

260 1514 386 1580 tatlinn
404 1516 440 1579 in
462 1522 596 1596 aspectu
616 1515 798 1579 seeundum
812 1514 899 1579 hanc
911 1516 1067 1596 speciem.
1090 1517 1207 1580 Omnes
1222 1515 1323 1579 etiem

261 1625 464 1689 diversitates
486 1643 614 1701 rerum,
637 1643 721 1705 quae
738 1643 798 1707 per
812 1625 950 1704 angarios
965 1627 1210 1704 dignoscuntur,
1225 1630 1322 1688 erunt

260 1735 454 1801 manifestae
469 1734 587 1799 nihilo
601 1735 712 1799 minus
735 1735 1118 1815 quam‚Jseniiestatione
1140 1736 1292 1799 aliorum,

302 1845 465 1929 Debemus
487 1852 597 1909 autem
617 1845 770 1911 intimare
792 1861 904 1918 nunc,
925 1846 1013 1926 qnod
1034 1844 1147 1908 omnia
1168 1861 1254 1924 quae
1274 1844 1324 1906 di-

260 1955 368 2019 ximus
389 1953 430 2017 de
450 1952 598 2028 fallacia,
620 1953 743 2019 similia
764 1962 842 2019 sunt
862 1943 1012 2021 fallaciae
1032 1953 1136 2034 ipsius
1156 1953 1269 2028 visus,
1290 1960 1324 2016 et

260 2063 507 2144 imaginationis
528 2080 612 2142 quae
626 2064 745 2132 accidit
758 2064 793 2126 in
809 2081 862 2140 eo;
878 2068 911 2126 et
925 2062 1003 2142 quia
1018 2062 1179 2126 falluntur
1193 2063 1231 2125 in
1248 2061 1322 2142 plu·

262 2174 355 2239 ribus
376 2173 490 2248 rebus,
512 2172 662 2253 eoquod
683 2191 801 2237 sensus
829 2173 946 2246 incidit
969 2189 1068 2253 snper
1091 2191 1144 2237 res
1168 2173 1325 2237 videndas

261 2283 734 2356 secundumconsuetudinem
755 2300 850 2347 suam
871 2289 903 2347 et
923 2290 1087 2357 naturam,
1103 2300 1198 2347 mens
1216 2288 1325 2346 autem

262 2395 298 2457 in
325 2393 482 2459 condona
510 2410 587 2455 cnm
616 2393 715 2457 rebus
747 2391 1043 2472 comprehensione
1072 2409 1134 2454 sua
1162 2392 1326 2455 existimet

263 2520 318 2569 aas
340 2512 429 2567 extra
449 2503 619 2580 ordinem
641 2502 799 2565 debemus
821 2501 928 2566 dicere
949 2501 1014 2564 hoc
1034 2501 1154 2565 iterum
1176 2519 1248 2565 esse
1268 2501 1326 2564 ial-

261 2611 380 2676 laciarn
399 2611 658 2677 ratiocinationis
678 2612 814 2686 mentis,
835 2612 920 2675 sicnt
941 2612 1058 2703 accidit
1084 2610 1119 2673 in
1141 2611 1325 2691 positione,

261 2739 339 2812 cnm
360 2720 584 2803 aspexerimus
597 2723 633 2783 in
648 2721 789 2802 speculis
804 2720 923 2803 planis,
939 2728 972 2785 et
984 2720 1084 2785 iacies
1100 2723 1150 2785 rei
1164 2721 1325 2785 videndae

262 2833 364 2897 inerit
383 2831 533 2913 opposita
553 2832 648 2896 faciei
674 2832 808 2911 speculi.
840 2832 931 2896 Tunc
953 2832 1043 2896 enim
1065 2832 1211 2896 ostendit
1231 2831 1327 2895 nohis

263 2941 352 3027 sinis
374 2949 483 3024 partes
508 2949 654 3017 nostras,
680 2942 863 3006 secundum
891 2943 980 3022 quod
1007 2942 1095 3006 inest
1116 2942 1148 3006 ei
1169 2948 1327 3005 enatura

263 3052 458 3117 ostendendi
478 3069 541 3127 res,
556 3069 640 3131 quae
655 3070 729 3117 vere
744 3051 911 3126 videntur,
924 3049 1076 3119 videlicet
1091 3071 1156 3127 res,
1169 3068 1254 3132 qnae
1270 3068 1327 3131 per

263 3161 391 3227 dextros
412 3161 521 3225 radios
541 3161 708 3236 videntur,
731 3179 888 3243 apparare
910 3162 1048 3237 dextras,
1063 3169 1096 3225 et
1109 3179 1192 3242 quae
1206 3178 1265 3243 per
1281 3162 1325 3224 si·

263 3272 395 3346 nistros,
406 3271 571 3350 sinistram
586 3290 682 3336 mens
696 3289 774 3335 vero
791 3273 935 3335 ostendit
952 3272 1048 3335 nohis
1061 3272 1171 3335 dextra
1181 3272 1326 3346 sinistra,

264 3390 296 3446 ct
315 3381 453 3446 sinistra
472 3382 600 3458 dextra3
623 3401 676 3446 res
697 3382 803 3456 enim,
825 3396 965 3462 quarum
992 3382 1093 3446 facies
1119 3387 1195 3447 vere
1221 3399 1325 3463 oppo-

263 3486 346 3556 sitae
368 3499 461 3566 sunt,
484 3491 583 3556 talem
605 3492 726 3555 hahent
747 3491 961 3572 positionem,
975 3492 1203 3572 quodiaciunt
1217 3493 1328 3556 dextra

264 3601 399 3666 alterius
427 3602 575 3683 opposita
602 3602 744 3665 sinistris
776 3601 928 3676 alterius,
958 3609 991 3666 et
1017 3601 1150 3665 sinistra
1179 3601 1328 3683 opposita

263 3712 398 3792 dextris3
421 3718 453 3777 et
473 3711 536 3776 hac
557 3713 597 3776 de
619 3730 717 3777 causa
738 3731 814 3777 curn
835 3712 1036 3777 moverimus
1057 3713 1237 3793 quamlibet
1253 3729 1324 3774 ma·

264 3838 370 3885 nuum
399 3828 588 3886 nostrarum
604 3823 791 3908 ¹semotim,
822 3823 966 3887 ostendit
986 3823 1080 3888 nohis
1105 3823 1213 3896 visus,
1239 3804 1328 3901 quod

264 3948 383 3996 manus
396 3950 480 4012 quae
495 3939 654 4009 movetur,
666 3939 716 3997 est
726 3932 876 4013 opposita
890 3932 933 4008 ei;
949 3949 1043 3996 mens
1058 3939 1169 3996 autern
1184 3929 1326 3996 ostendit

265 4041 361 4105 nohis
384 4060 457 4106 eam
478 4061 496 4107 e
514 4043 679 4106 converse.
697 4041 746 4105 Fit
762 4041 862 4106 etiam
879 4040 1008 4104 fallacia
1024 4041 1059 4104 in
1077 4039 1325 4105 ratiocinatione
