3248 5392
253 536 291 600 dl

169 658 175 674 ¹
252 654 285 712 et
305 644 509 709 movebimus
532 661 605 708 eam
626 660 800 724 quousque
816 645 985 726 apparebit
999 644 1095 709 nobis
1110 662 1130 708 a
1144 652 1267 725 puncto
1285 665 1315 721 a,

252 757 341 836 quod
352 756 405 819 sit
425 753 576 837 opposita
595 755 699 829 visui,
721 760 801 818 tunc
815 755 1020 835 apparebunt
1034 754 1130 817 nobis
1146 761 1289 836 punctus
1304 758 1315 817 t

253 873 286 930 et
311 873 452 948 punctus
479 885 512 940 a,
540 871 574 928 et
600 865 707 928 forma
735 882 819 945 quae
840 865 874 927 in
897 865 999 928 tribus
1021 863 1164 946 speculis
1185 864 1316 929 videtur

251 994 351 1056 super
370 994 473 1070 unam
493 975 627 1039 lineam.
648 975 684 1038 Si
698 992 779 1055 ergo·
790 975 1029 1054 signaverimus
1043 975 1164 1049 locum,
1179 991 1247 1054 quc
1263 992 1316 1039 res

251 1087 384 1150 inventa
404 1086 513 1158 luerit,
534 1086 570 1147 in
591 1084 765 1166 superficie
786 1084 935 1166 plancae,
951 1085 1106 1149 videlicet
1120 1086 1161 1149 de
1176 1102 1242 1165 quo
1259 1103 1317 1167 ap-

253 1203 348 1279 paret
368 1196 476 1259 forma
495 1196 544 1259 rei
564 1195 601 1259 in
623 1196 703 1277 ipsis
721 1194 875 1276 speculis,
889 1202 928 1258 ut
941 1194 1001 1258 illa
1015 1213 1099 1283 quae
1114 1196 1220 1259 estad
1233 1214 1317 1276 pun·

252 1311 341 1369 ctum
362 1325 412 1380 m,
427 1311 462 1368 et
474 1306 728 1390 protraxerimus
749 1305 874 1370 lineam
886 1312 1009 1369 rectam
1021 1324 1087 1382 am,
1104 1305 1316 1369 inveniemus

250 1415 549 1480 circumferentiam
561 1416 615 1478 bm
633 1433 762 1495 semper
776 1414 950 1496 aequalem
963 1415 1249 1480 circumferentiae
1256 1417 1315 1490 tt,

253 1525 343 1606 quod
363 1542 440 1588 cum
460 1525 507 1588 ita
526 1526 578 1600 tlt,
605 1525 668 1589 erit
694 1523 837 1605 angulus
863 1527 924 1589 tob
950 1526 1036 1589 sicut
1057 1524 1198 1606 angulus
1218 1527 1314 1602 mab,

254 1643 287 1700 et
306 1634 398 1698 linea
419 1636 462 1698 bd
484 1636 546 1699 erit
565 1633 844 1717 perpendicularis
857 1653 957 1716 super
970 1635 1160 1699 omniaista
1171 1636 1317 1717 specula.

245 1746 354 1813 Linea
374 1761 507 1826 quoque
534 1747 574 1810 cl
600 1752 650 1810 est
675 1745 768 1809 locus
796 1745 881 1810 radii
903 1764 923 1810 a
949 1739 1034 1809 visu'
1050 1746 1196 1811 cadentis
1217 1763 1317 1825 super

251 1855 377 1938 speculi
402 1855 625 1937 superficiem
655 1855 744 1920 linea
771 1862 883 1920 autem
909 1873 967 1920 am
983 1844 1045 1921 'est
1065 1855 1159 1920 locus
1184 1855 1316 1920 refracti

251 1965 336 2030 radii
360 1983 381 2029 a
407 1965 581 2049 superficie
602 1965 728 2048 speculi
756 1966 798 2028 ad
829 1983 901 2029 rem
930 1965 1117 2048 videndam.
1139 1967 1266 2030 Rursus
1286 1967 1316 2029 si

251 2076 462 2157 posuerimus
483 2093 584 2156 super
609 2076 627 2137 b
652 2074 781 2156 aliquid
805 2074 935 2145 modice
956 2074 1110 2156 longum,
1138 2082 1171 2141 et
1196 2093 1315 2157 posue·

254 2184 359 2248 rimus
381 2184 491 2247 visum
512 2184 548 2246 in
568 2183 642 2247 loco
669 2185 727 2265 qui
752 2189 801 2248 est
825 2202 925 2266 super
945 2192 1043 2267 caput
1062 2186 1125 2260 ab,
1147 2185 1316 2267 apparebit

255 2302 361 2358 totum
383 2311 485 2375 super
504 2311 607 2357 unam
626 2294 749 2358 lineam
771 2300 907 2370 rectam,
928 2312 1012 2376 quae
1033 2303 1083 2358 est
1103 2298 1157 2359 ud.
1275 2316 1280 2324 ·

294 2403 458 2486 Principia
477 2402 580 2484 igitur
599 2420 684 2483 quae
704 2405 895 2485 posuimus,
916 2411 1075 2487 apparent
1094 2422 1153 2486 per
1173 2412 1316 2487 eaquae

253 2514 483 2594 exposuimus3
505 2512 596 2595 quod
616 2519 727 2577 autem
743 2513 951 2578 ratiocinatio
966 2515 1002 2578 in
1019 2514 1074 2578 his
1091 2516 1244 2596 sequitur
1258 2535 1316 2580 na·

252 2631 361 2686 turem
377 2641 547 2698 sensuum,
559 2641 627 2685 non
644 2629 693 2686 est
706 2622 835 2687 difficile
850 2624 1118 2704 dignoscendum.
1132 2624 1213 2689 Gum
1224 2627 1317 2690 enim

252 2731 394 2797 visibilis
413 2732 498 2796 radii
517 2733 720 2796 consuetudo
743 2741 775 2796 et
795 2740 915 2796 natura
934 2735 977 2797 sit
997 2740 1084 2798 recte
1102 2736 1278 2816 procedere
1296 2755 1317 2800 a

253 2843 415 2925 principio
442 2854 505 2907 suo
526 2843 562 2905 iu
583 2843 747 2907 universis
772 2843 895 2919 rebus,
925 2861 1010 2925 quae
1032 2851 1118 2909 recte
1137 2845 1317 2926 ridentur3

254 2954 474 3018 reverberatio
497 2959 610 3018 autem
631 2971 716 3034 quae
737 2953 885 3034 procedit
906 2972 945 3018 ex
964 2948 1123 3036 speculis,
1145 2975 1212 3019 non
1234 2958 1317 3021 assi·

252 3064 388 3128 milatur
399 3064 499 3140 visui,
513 3065 611 3129 debet
625 3082 743 3128 sensus
759 3064 925 3129 declinare
940 3066 982 3129 ad
994 3066 1180 3130 naturalem
1195 3074 1318 3144 actum,

253 3176 312 3254 qui
333 3159 373 3238 de
395 3174 633 3238 consuetudine
654 3192 716 3238 sua
737 3182 802 3250 est,
825 3181 858 3238 et
879 3193 1077 3256 congregare
1097 3176 1228 3240 radium
1252 3178 1318 3243 fra-

252 3288 341 3346 ctum
369 3301 445 3348 cum
474 3283 581 3364 primo
607 3284 700 3347 radio
721 3283 829 3365 posito
852 3290 928 3348 ante
949 3285 1268 3364 reverberationem,
1284 3296 1320 3352 et

234 3393 301 3456 sic
323 3393 475 3458 arbitrari
495 3393 592 3457 illum
614 3411 685 3458 esse
707 3393 891 3468 directum,
916 3401 1075 3475 tanquam
1095 3395 1125 3458 si
1145 3413 1214 3459 non
1235 3398 1319 3462 acci·

252 3504 344 3567 deret
362 3505 394 3569 ei
412 3504 547 3584 aliquod
563 3504 730 3581 accidens,
748 3484 807 3568 se'd
824 3509 909 3569 esset
923 3512 1040 3568 rectus.
1056 3505 1226 3570 videbitur
1240 3524 1317 3589 ergo

252 3613 360 3675 torma
380 3613 430 3676 rei
451 3621 621 3694 tamquam
642 3632 695 3697 res
718 3631 803 3695 qnae
824 3613 957 3678 videtur
975 3615 1048 3679 sine
1068 3615 1250 3680 obstaculo.

294 3722 399 3786 [lausa
411 3740 489 3786 vero
505 3741 570 3803 qua
581 3724 665 3788 visui
676 3742 744 3786 non
756 3724 986 3787 manifestatur
996 3726 1213 3789 reverberatio
1224 3727 1318 3802 radii,

252 3832 392 3912 estquis
406 3850 617 3913 nequaquam
631 3832 837 3898 sentitillam
852 3834 959 3898 solam
974 3836 1047 3918 sine
1063 3834 1251 3904 obviatione
1265 3854 1316 3899 re·

135 3998 145 4027 ,
254 3961 340 4019 rum,
354 3943 527 4025 exquibus
542 3945 627 4008 fiunt
639 3944 832 4010 huiusmodi
846 3946 980 4011 formae.
994 3945 1093 4011 (lasus
1107 3945 1198 4009 euim
1212 3943 1318 4011 radic·

190 4114 195 4125 ,
254 4070 328 4117 rum
343 4073 442 4136 super
457 4054 589 4136 specula
599 4055 645 4119 ita
657 4055 703 4132 tit,
716 4056 806 4136 quod
817 4055 941 4136 singuli
953 4074 1068 4120 eorum
1083 4056 1205 4120 cadunt
1217 4074 1317 4138 super
