<?xml version="1.0" encoding="UTF-8"?>
<!DOCTYPE html PUBLIC "-//W3C//DTD XHTML 1.0 Transitional//EN"
    "http://www.w3.org/TR/xhtml1/DTD/xhtml1-transitional.dtd">
<html xmlns="http://www.w3.org/1999/xhtml" xml:lang="en" lang="en">
 <head>
  <title>
</title>
<meta http-equiv="Content-Type" content="text/html;charset=utf-8" />
  <meta name='ocr-system' content='tesseract 3.04.00' />
  <meta name='ocr-capabilities' content='ocr_page ocr_carea ocr_par ocr_line ocrx_word'/>
</head>
<body>
  <div class='ocr_page' id='page_1' title='image "./lotticadiclaudi00eugegoog_0128.png"; bbox 0 0 3278 5364; ppageno 0'>
   <div class='ocr_carea' id='block_1_1' title="bbox 257 577 1337 3049">
    <p class='ocr_par' dir='ltr' id='par_1_1' title="bbox 257 577 1334 1422">
     <span class='ocr_line' id='line_1_1' title="bbox 982 577 1329 637; baseline 0 0"><span class='ocrx_word' id='word_1_1' title='bbox 982 632 985 637; x_wconf 17' lang='grc' dir='ltr'><strong>Α</strong></span> <span class='ocrx_word' id='word_1_2' title='bbox 1294 577 1329 637; x_wconf 80' lang='lat' dir='ltr'><strong>il</strong></span> 
     </span>
     <span class='ocr_line' id='line_1_2' title="bbox 258 676 1334 768; baseline 0.001 -20"><span class='ocrx_word' id='word_1_3' title='bbox 258 685 339 768; x_wconf 88' lang='lat' dir='ltr'><strong>quia</strong></span> <span class='ocrx_word' id='word_1_4' title='bbox 361 706 401 750; x_wconf 83' lang='lat' dir='ltr'><strong>cc</strong></span> <span class='ocrx_word' id='word_1_5' title='bbox 423 685 568 749; x_wconf 75' lang='lat' dir='ltr'><strong>similem</strong></span> <span class='ocrx_word' id='word_1_6' title='bbox 592 676 701 748; x_wconf 74' lang='lat' dir='ltr'><strong>habet</strong></span> <span class='ocrx_word' id='word_1_7' title='bbox 715 686 868 748; x_wconf 82' lang='lat' dir='ltr'><strong>ordinem</strong></span> <span class='ocrx_word' id='word_1_8' title='bbox 889 686 921 748; x_wconf 88' lang='lat' dir='ltr'><strong>ei</strong></span> <span class='ocrx_word' id='word_1_9' title='bbox 944 684 1003 765; x_wconf 92' lang='lat' dir='ltr'><strong>qui</strong></span> <span class='ocrx_word' id='word_1_10' title='bbox 1025 691 1074 749; x_wconf 88' lang='lat' dir='ltr'><strong>est</strong></span> <span class='ocrx_word' id='word_1_11' title='bbox 1096 687 1149 760; x_wconf 80' lang='lat' dir='ltr'><strong>be,</strong></span> <span class='ocrx_word' id='word_1_12' title='bbox 1173 696 1205 748; x_wconf 89' lang='lat' dir='ltr'><strong>et</strong></span> <span class='ocrx_word' id='word_1_13' title='bbox 1225 704 1269 748; x_wconf 79' lang='lat' dir='ltr'><strong>oa</strong></span> <span class='ocrx_word' id='word_1_14' title='bbox 1287 688 1334 749; x_wconf 88' lang='lat' dir='ltr'><strong>si·</strong></span> 
     </span>
     <span class='ocr_line' id='line_1_3' title="bbox 257 795 1333 875; baseline -0.001 -17"><span class='ocrx_word' id='word_1_15' title='bbox 257 796 350 873; x_wconf 83' lang='lat' dir='ltr'><strong>milis</strong></span> <span class='ocrx_word' id='word_1_16' title='bbox 372 803 421 860; x_wconf 90' lang='lat' dir='ltr'><strong>est</strong></span> <span class='ocrx_word' id='word_1_17' title='bbox 441 797 477 858; x_wconf 92' lang='lat' dir='ltr'><strong>in</strong></span> <span class='ocrx_word' id='word_1_18' title='bbox 500 795 617 858; x_wconf 84' lang='lat' dir='ltr'><strong>ordine</strong></span> <span class='ocrx_word' id='word_1_19' title='bbox 639 795 670 858; x_wconf 94' lang='lat' dir='ltr'><strong>ei</strong></span> <span class='ocrx_word' id='word_1_20' title='bbox 692 795 752 875; x_wconf 92' lang='lat' dir='ltr'><strong>qui</strong></span> <span class='ocrx_word' id='word_1_21' title='bbox 774 803 823 858; x_wconf 89' lang='lat' dir='ltr'><strong>est</strong></span> <span class='ocrx_word' id='word_1_22' title='bbox 840 796 899 870; x_wconf 82' lang='lat' dir='ltr'><strong><em>bz‚·</em></strong></span> <span class='ocrx_word' id='word_1_23' title='bbox 921 796 942 858; x_wconf 80' lang='lat' dir='ltr'><strong><em>h</em></strong></span> <span class='ocrx_word' id='word_1_24' title='bbox 963 813 1039 858; x_wconf 67' lang='lat' dir='ltr'><strong>vers</strong></span> <span class='ocrx_word' id='word_1_25' title='bbox 1063 799 1095 857; x_wconf 86' lang='lat' dir='ltr'><strong>el</strong></span> <span class='ocrx_word' id='word_1_26' title='bbox 1117 795 1151 870; x_wconf 81' lang='lat' dir='ltr'><strong>lc,</strong></span> <span class='ocrx_word' id='word_1_27' title='bbox 1173 795 1333 874; x_wconf 79' lang='lat' dir='ltr'><strong>quonism</strong></span> 
     </span>
     <span class='ocr_line' id='line_1_4' title="bbox 258 902 1333 985; baseline -0.004 -15"><span class='ocrx_word' id='word_1_28' title='bbox 258 908 307 971; x_wconf 81' lang='lat' dir='ltr'><strong>eit</strong></span> <span class='ocrx_word' id='word_1_29' title='bbox 328 914 361 969; x_wconf 93' lang='lat' dir='ltr'><strong>et</strong></span> <span class='ocrx_word' id='word_1_30' title='bbox 382 907 425 968; x_wconf 79' lang='lat' dir='ltr'><strong>ilc</strong></span> <span class='ocrx_word' id='word_1_31' title='bbox 446 912 525 969; x_wconf 89' lang='lat' dir='ltr'><strong>sunt</strong></span> <span class='ocrx_word' id='word_1_32' title='bbox 540 922 631 979; x_wconf 81' lang='lat' dir='ltr'><strong>axes,</strong></span> <span class='ocrx_word' id='word_1_33' title='bbox 646 905 851 985; x_wconf 88' lang='lat' dir='ltr'><strong>apparebunt</strong></span> <span class='ocrx_word' id='word_1_34' title='bbox 872 905 908 967; x_wconf 92' lang='lat' dir='ltr'><strong>in</strong></span> <span class='ocrx_word' id='word_1_35' title='bbox 931 922 998 966; x_wconf 90' lang='lat' dir='ltr'><strong>uno</strong></span> <span class='ocrx_word' id='word_1_36' title='bbox 1017 902 1091 968; x_wconf 92' lang='lat' dir='ltr'><strong>loco</strong></span> <span class='ocrx_word' id='word_1_37' title='bbox 1110 905 1168 985; x_wconf 85' lang='lat' dir='ltr'><strong>qui</strong></span> <span class='ocrx_word' id='word_1_38' title='bbox 1185 911 1237 968; x_wconf 87' lang='lat' dir='ltr'><strong>est</strong></span> <span class='ocrx_word' id='word_1_39' title='bbox 1250 923 1333 984; x_wconf 91' lang='lat' dir='ltr'><strong>pun·</strong></span> 
     </span>
     <span class='ocr_line' id='line_1_5' title="bbox 258 1013 1333 1098; baseline -0.001 -21"><span class='ocrx_word' id='word_1_40' title='bbox 258 1021 334 1079; x_wconf 85' lang='lat' dir='ltr'><strong>otus</strong></span> <span class='ocrx_word' id='word_1_41' title='bbox 356 1023 382 1091; x_wconf 90' lang='lat' dir='ltr'><strong>t,·</strong></span> <span class='ocrx_word' id='word_1_42' title='bbox 404 1014 538 1094; x_wconf 82' lang='lat' dir='ltr'><strong>etquis</strong></span> <span class='ocrx_word' id='word_1_43' title='bbox 560 1015 621 1088; x_wconf 82' lang='lat' dir='ltr'><strong>tt,</strong></span> <span class='ocrx_word' id='word_1_44' title='bbox 643 1014 688 1077; x_wconf 79' lang='lat' dir='ltr'><strong>ok</strong></span> <span class='ocrx_word' id='word_1_45' title='bbox 705 1031 777 1098; x_wconf 10' lang='lat' dir='ltr'><strong>&#39;non</strong></span> <span class='ocrx_word' id='word_1_46' title='bbox 800 1020 879 1076; x_wconf 84' lang='lat' dir='ltr'><strong>sont</strong></span> <span class='ocrx_word' id='word_1_47' title='bbox 897 1013 1013 1076; x_wconf 87' lang='lat' dir='ltr'><strong>ordine</strong></span> <span class='ocrx_word' id='word_1_48' title='bbox 1028 1013 1228 1089; x_wconf 82' lang='lat' dir='ltr'><strong>consimiles,</strong></span> <span class='ocrx_word' id='word_1_49' title='bbox 1244 1014 1333 1077; x_wconf 91' lang='lat' dir='ltr'><strong>vide·</strong></span> 
     </span>
     <span class='ocr_line' id='line_1_6' title="bbox 258 1124 1334 1204; baseline 0 -18"><span class='ocrx_word' id='word_1_50' title='bbox 258 1125 385 1187; x_wconf 87' lang='lat' dir='ltr'><strong>huntur</strong></span> <span class='ocrx_word' id='word_1_51' title='bbox 406 1127 443 1198; x_wconf 83' lang='lat' dir='ltr'><strong>t,</strong></span> <span class='ocrx_word' id='word_1_52' title='bbox 465 1124 484 1185; x_wconf 78' lang='lat' dir='ltr'><strong>lc</strong></span> <span class='ocrx_word' id='word_1_53' title='bbox 506 1140 607 1204; x_wconf 88' lang='lat' dir='ltr'><strong>super</strong></span> <span class='ocrx_word' id='word_1_54' title='bbox 628 1130 768 1203; x_wconf 88' lang='lat' dir='ltr'><strong>punctos</strong></span> <span class='ocrx_word' id='word_1_55' title='bbox 791 1125 818 1198; x_wconf 84' lang='lat' dir='ltr'><strong>t,</strong></span> <span class='ocrx_word' id='word_1_56' title='bbox 839 1142 889 1197; x_wconf 87' lang='lat' dir='ltr'><strong>m,</strong></span> <span class='ocrx_word' id='word_1_57' title='bbox 912 1128 945 1186; x_wconf 92' lang='lat' dir='ltr'><strong>et</strong></span> <span class='ocrx_word' id='word_1_58' title='bbox 967 1130 1109 1202; x_wconf 86' lang='lat' dir='ltr'><strong>punctus</strong></span> <span class='ocrx_word' id='word_1_59' title='bbox 1132 1133 1158 1196; x_wconf 86' lang='lat' dir='ltr'><strong>t,</strong></span> <span class='ocrx_word' id='word_1_60' title='bbox 1181 1140 1221 1186; x_wconf 89' lang='lat' dir='ltr'><strong>eo</strong></span> <span class='ocrx_word' id='word_1_61' title='bbox 1244 1124 1334 1203; x_wconf 89' lang='lat' dir='ltr'><strong>quod</strong></span> 
     </span>
     <span class='ocr_line' id='line_1_7' title="bbox 259 1231 1332 1308; baseline -0.002 -12"><span class='ocrx_word' id='word_1_62' title='bbox 259 1233 344 1296; x_wconf 90' lang='lat' dir='ltr'><strong>radii</strong></span> <span class='ocrx_word' id='word_1_63' title='bbox 364 1244 420 1308; x_wconf 82' lang='lat' dir='ltr'><strong>at,</strong></span> <span class='ocrx_word' id='word_1_64' title='bbox 443 1235 480 1294; x_wconf 83' lang='lat' dir='ltr'><strong>bt</strong></span> <span class='ocrx_word' id='word_1_65' title='bbox 500 1239 579 1295; x_wconf 92' lang='lat' dir='ltr'><strong>sunt</strong></span> <span class='ocrx_word' id='word_1_66' title='bbox 599 1232 717 1295; x_wconf 89' lang='lat' dir='ltr'><strong>ordine</strong></span> <span class='ocrx_word' id='word_1_67' title='bbox 741 1231 936 1308; x_wconf 87' lang='lat' dir='ltr'><strong>dissimiles,</strong></span> <span class='ocrx_word' id='word_1_68' title='bbox 959 1232 1124 1295; x_wconf 85' lang='lat' dir='ltr'><strong>videbitur</strong></span> <span class='ocrx_word' id='word_1_69' title='bbox 1144 1232 1180 1293; x_wconf 93' lang='lat' dir='ltr'><strong>in</strong></span> <span class='ocrx_word' id='word_1_70' title='bbox 1203 1232 1332 1295; x_wconf 87' lang='lat' dir='ltr'><strong>duobus</strong></span> 
     </span>
     <span class='ocr_line' id='line_1_8' title="bbox 258 1341 632 1422; baseline -0.003 -19"><span class='ocrx_word' id='word_1_71' title='bbox 258 1342 342 1405; x_wconf 88' lang='lat' dir='ltr'><strong>locis</strong></span> <span class='ocrx_word' id='word_1_72' title='bbox 363 1341 521 1422; x_wconf 89' lang='lat' dir='ltr'><strong>quisunt</strong></span> <span class='ocrx_word' id='word_1_73' title='bbox 541 1343 580 1416; x_wconf 81' lang='lat' dir='ltr'><strong>a,</strong></span> <span class='ocrx_word' id='word_1_74' title='bbox 602 1341 632 1402; x_wconf 75' lang='lat' dir='ltr'><strong>lc.</strong></span> 
     </span>
    </p>

    <p class='ocr_par' dir='ltr' id='par_1_2' title="bbox 257 1450 1337 3049">
     <span class='ocr_line' id='line_1_9' title="bbox 301 1450 1334 1531; baseline -0.003 -16"><span class='ocrx_word' id='word_1_75' title='bbox 301 1451 396 1515; x_wconf 83' lang='lat' dir='ltr'><strong>Nunc</strong></span> <span class='ocrx_word' id='word_1_76' title='bbox 416 1468 494 1531; x_wconf 82' lang='lat' dir='ltr'><strong>ergo</strong></span> <span class='ocrx_word' id='word_1_77' title='bbox 518 1450 610 1514; x_wconf 87' lang='lat' dir='ltr'><strong>decet</strong></span> <span class='ocrx_word' id='word_1_78' title='bbox 625 1468 697 1524; x_wconf 92' lang='lat' dir='ltr'><strong>nos,</strong></span> <span class='ocrx_word' id='word_1_79' title='bbox 713 1451 1016 1531; x_wconf 85' lang='lat' dir='ltr'><strong>composuerimus</strong></span> <span class='ocrx_word' id='word_1_80' title='bbox 1032 1450 1260 1514; x_wconf 69' lang='lat' dir='ltr'><strong>distinctiones</strong></span> <span class='ocrx_word' id='word_1_81' title='bbox 1275 1450 1334 1513; x_wconf 92' lang='lat' dir='ltr'><strong>ali-</strong></span> 
     </span>
     <span class='ocr_line' id='line_1_10' title="bbox 259 1551 1332 1641; baseline -0.002 -17"><span class='ocrx_word' id='word_1_82' title='bbox 259 1576 343 1640; x_wconf 83' lang='lat' dir='ltr'><strong>quas</strong></span> <span class='ocrx_word' id='word_1_83' title='bbox 365 1576 560 1622; x_wconf 87' lang='lat' dir='ltr'><strong>communes</strong></span> <span class='ocrx_word' id='word_1_84' title='bbox 583 1559 622 1623; x_wconf 92' lang='lat' dir='ltr'><strong>de</strong></span> <span class='ocrx_word' id='word_1_85' title='bbox 644 1551 742 1632; x_wconf 86' lang='lat' dir='ltr'><strong>loeis,</strong></span> <span class='ocrx_word' id='word_1_86' title='bbox 765 1560 800 1620; x_wconf 90' lang='lat' dir='ltr'><strong>in</strong></span> <span class='ocrx_word' id='word_1_87' title='bbox 823 1559 945 1639; x_wconf 87' lang='lat' dir='ltr'><strong>quihus</strong></span> <span class='ocrx_word' id='word_1_88' title='bbox 965 1563 1097 1640; x_wconf 89' lang='lat' dir='ltr'><strong>apparet</strong></span> <span class='ocrx_word' id='word_1_89' title='bbox 1112 1576 1332 1641; x_wconf 86' lang='lat' dir='ltr'><strong>unaquaeque</strong></span> 
     </span>
     <span class='ocr_line' id='line_1_11' title="bbox 259 1668 1336 1748; baseline -0.001 -17"><span class='ocrx_word' id='word_1_90' title='bbox 259 1686 396 1744; x_wconf 86' lang='lat' dir='ltr'><strong>rerum,</strong></span> <span class='ocrx_word' id='word_1_91' title='bbox 424 1668 635 1732; x_wconf 88' lang='lat' dir='ltr'><strong>considerare</strong></span> <span class='ocrx_word' id='word_1_92' title='bbox 659 1668 826 1748; x_wconf 90' lang='lat' dir='ltr'><strong>quomodo</strong></span> <span class='ocrx_word' id='word_1_93' title='bbox 849 1669 971 1731; x_wconf 84' lang='lat' dir='ltr'><strong>debent</strong></span> <span class='ocrx_word' id='word_1_94' title='bbox 991 1669 1067 1730; x_wconf 88' lang='lat' dir='ltr'><strong>inde</strong></span> <span class='ocrx_word' id='word_1_95' title='bbox 1089 1669 1194 1731; x_wconf 87' lang='lat' dir='ltr'><strong>videri</strong></span> <span class='ocrx_word' id='word_1_96' title='bbox 1215 1685 1269 1732; x_wconf 89' lang='lat' dir='ltr'><strong>res</strong></span> <span class='ocrx_word' id='word_1_97' title='bbox 1289 1668 1336 1730; x_wconf 85' lang='lat' dir='ltr'><strong>vi·</strong></span> 
     </span>
     <span class='ocr_line' id='line_1_12' title="bbox 259 1776 1334 1857; baseline -0.001 -17"><span class='ocrx_word' id='word_1_98' title='bbox 259 1778 385 1842; x_wconf 88' lang='lat' dir='ltr'><strong>dendae</strong></span> <span class='ocrx_word' id='word_1_99' title='bbox 406 1777 442 1839; x_wconf 90' lang='lat' dir='ltr'><strong>in</strong></span> <span class='ocrx_word' id='word_1_100' title='bbox 464 1777 547 1840; x_wconf 88' lang='lat' dir='ltr'><strong>locis</strong></span> <span class='ocrx_word' id='word_1_101' title='bbox 568 1777 661 1852; x_wconf 88' lang='lat' dir='ltr'><strong>suis,</strong></span> <span class='ocrx_word' id='word_1_102' title='bbox 684 1777 806 1857; x_wconf 87' lang='lat' dir='ltr'><strong>quibus</strong></span> <span class='ocrx_word' id='word_1_103' title='bbox 830 1782 909 1839; x_wconf 89' lang='lat' dir='ltr'><strong>sunt</strong></span> <span class='ocrx_word' id='word_1_104' title='bbox 930 1776 1068 1856; x_wconf 88' lang='lat' dir='ltr'><strong>positae.</strong></span> <span class='ocrx_word' id='word_1_105' title='bbox 1101 1777 1193 1850; x_wconf 81' lang='lat' dir='ltr'><strong>Quod</strong></span> <span class='ocrx_word' id='word_1_106' title='bbox 1218 1778 1334 1857; x_wconf 88' lang='lat' dir='ltr'><strong>utique</strong></span> 
     </span>
     <span class='ocr_line' id='line_1_13' title="bbox 258 1883 1334 1966; baseline 0.001 -17"><span class='ocrx_word' id='word_1_107' title='bbox 258 1887 428 1962; x_wconf 87' lang='lat' dir='ltr'><strong>faciemus,</strong></span> <span class='ocrx_word' id='word_1_108' title='bbox 445 1895 619 1966; x_wconf 90' lang='lat' dir='ltr'><strong>postquam</strong></span> <span class='ocrx_word' id='word_1_109' title='bbox 637 1886 849 1965; x_wconf 83' lang='lat' dir='ltr'><strong>posuerimus</strong></span> <span class='ocrx_word' id='word_1_110' title='bbox 865 1885 905 1949; x_wconf 91' lang='lat' dir='ltr'><strong>de</strong></span> <span class='ocrx_word' id='word_1_111' title='bbox 920 1884 973 1946; x_wconf 91' lang='lat' dir='ltr'><strong>his</strong></span> <span class='ocrx_word' id='word_1_112' title='bbox 988 1898 1074 1965; x_wconf 88' lang='lat' dir='ltr'><strong>qnae</strong></span> <span class='ocrx_word' id='word_1_113' title='bbox 1086 1883 1190 1948; x_wconf 89' lang='lat' dir='ltr'><strong>locuti</strong></span> <span class='ocrx_word' id='word_1_114' title='bbox 1206 1904 1334 1960; x_wconf 86' lang='lat' dir='ltr'><strong>smnus,</strong></span> 
     </span>
     <span class='ocr_line' id='line_1_14' title="bbox 257 1990 1336 2074; baseline -0.001 -16"><span class='ocrx_word' id='word_1_115' title='bbox 257 1990 352 2058; x_wconf 90' lang='lat' dir='ltr'><strong>aliud</strong></span> <span class='ocrx_word' id='word_1_116' title='bbox 373 1994 576 2074; x_wconf 84' lang='lat' dir='ltr'><strong>principium</strong></span> <span class='ocrx_word' id='word_1_117' title='bbox 597 1994 829 2067; x_wconf 83' lang='lat' dir='ltr'><strong>manifestum,</strong></span> <span class='ocrx_word' id='word_1_118' title='bbox 848 1993 1005 2056; x_wconf 81' lang='lat' dir='ltr'><strong>videlicet</strong></span> <span class='ocrx_word' id='word_1_119' title='bbox 1026 1994 1057 2056; x_wconf 92' lang='lat' dir='ltr'><strong>si</strong></span> <span class='ocrx_word' id='word_1_120' title='bbox 1077 2011 1145 2056; x_wconf 92' lang='lat' dir='ltr'><strong>non</strong></span> <span class='ocrx_word' id='word_1_121' title='bbox 1163 1993 1264 2056; x_wconf 86' lang='lat' dir='ltr'><strong>inerit</strong></span> <span class='ocrx_word' id='word_1_122' title='bbox 1276 2012 1336 2073; x_wconf 90' lang='lat' dir='ltr'><strong>po·</strong></span> 
     </span>
     <span class='ocr_line' id='line_1_15' title="bbox 259 2101 1334 2184; baseline -0.004 -17"><span class='ocrx_word' id='word_1_123' title='bbox 259 2105 323 2167; x_wconf 82' lang='lat' dir='ltr'><strong>site</strong></span> <span class='ocrx_word' id='word_1_124' title='bbox 343 2103 434 2166; x_wconf 92' lang='lat' dir='ltr'><strong>linea</strong></span> <span class='ocrx_word' id='word_1_125' title='bbox 455 2103 520 2166; x_wconf 76' lang='lat' dir='ltr'><strong>tit</strong></span> <span class='ocrx_word' id='word_1_126' title='bbox 544 2105 606 2182; x_wconf 64' lang='lat' dir='ltr'><strong>(tp.</strong></span> <span class='ocrx_word' id='word_1_127' title='bbox 623 2104 675 2176; x_wconf 82' lang='lat' dir='ltr'><strong>l8t</strong></span> <span class='ocrx_word' id='word_1_128' title='bbox 696 2102 925 2184; x_wconf 80' lang='lat' dir='ltr'><strong>aequidistans</strong></span> <span class='ocrx_word' id='word_1_129' title='bbox 942 2101 1052 2164; x_wconf 89' lang='lat' dir='ltr'><strong>lineae</strong></span> <span class='ocrx_word' id='word_1_130' title='bbox 1066 2103 1126 2176; x_wconf 79' lang='lat' dir='ltr'><strong>ab,</strong></span> <span class='ocrx_word' id='word_1_131' title='bbox 1144 2102 1229 2165; x_wconf 85' lang='lat' dir='ltr'><strong>sicut</strong></span> <span class='ocrx_word' id='word_1_132' title='bbox 1242 2102 1334 2182; x_wconf 89' lang='lat' dir='ltr'><strong>prius</strong></span> 
     </span>
     <span class='ocr_line' id='line_1_16' title="bbox 258 2210 1335 2294; baseline -0.004 -18"><span class='ocrx_word' id='word_1_133' title='bbox 258 2212 530 2294; x_wconf 79' lang='lat' dir='ltr'><strong>praeposuimus,</strong></span> <span class='ocrx_word' id='word_1_134' title='bbox 545 2212 604 2275; x_wconf 90' lang='lat' dir='ltr'><strong>sed</strong></span> <span class='ocrx_word' id='word_1_135' title='bbox 619 2211 718 2275; x_wconf 83' lang='lat' dir='ltr'><strong>luerit</strong></span> <span class='ocrx_word' id='word_1_136' title='bbox 732 2210 822 2273; x_wconf 88' lang='lat' dir='ltr'><strong>linea</strong></span> <span class='ocrx_word' id='word_1_137' title='bbox 837 2211 885 2274; x_wconf 79' lang='lat' dir='ltr'><strong>cit</strong></span> <span class='ocrx_word' id='word_1_138' title='bbox 905 2210 1012 2274; x_wconf 90' lang='lat' dir='ltr'><strong>maior</strong></span> <span class='ocrx_word' id='word_1_139' title='bbox 1026 2210 1117 2274; x_wconf 90' lang='lat' dir='ltr'><strong>linea</strong></span> <span class='ocrx_word' id='word_1_140' title='bbox 1134 2211 1192 2285; x_wconf 79' lang='lat' dir='ltr'><strong>ot,</strong></span> <span class='ocrx_word' id='word_1_141' title='bbox 1212 2217 1246 2274; x_wconf 89' lang='lat' dir='ltr'><strong>et</strong></span> <span class='ocrx_word' id='word_1_142' title='bbox 1260 2228 1335 2275; x_wconf 87' lang='lat' dir='ltr'><strong>axes</strong></span> 
     </span>
     <span class='ocr_line' id='line_1_17' title="bbox 261 2320 1335 2401; baseline -0.003 -17"><span class='ocrx_word' id='word_1_143' title='bbox 261 2323 482 2386; x_wconf 86' lang='lat' dir='ltr'><strong>remanserint</strong></span> <span class='ocrx_word' id='word_1_144' title='bbox 501 2322 536 2383; x_wconf 91' lang='lat' dir='ltr'><strong>in</strong></span> <span class='ocrx_word' id='word_1_145' title='bbox 560 2327 648 2384; x_wconf 89' lang='lat' dir='ltr'><strong>statu</strong></span> <span class='ocrx_word' id='word_1_146' title='bbox 670 2337 738 2401; x_wconf 88' lang='lat' dir='ltr'><strong>quo</strong></span> <span class='ocrx_word' id='word_1_147' title='bbox 762 2321 891 2384; x_wconf 83' lang='lat' dir='ltr'><strong>fuerant</strong></span> <span class='ocrx_word' id='word_1_148' title='bbox 912 2320 1054 2400; x_wconf 91' lang='lat' dir='ltr'><strong>oppositi</strong></span> <span class='ocrx_word' id='word_1_149' title='bbox 1077 2327 1200 2401; x_wconf 91' lang='lat' dir='ltr'><strong>puncto</strong></span> <span class='ocrx_word' id='word_1_150' title='bbox 1217 2323 1255 2384; x_wconf 71' lang='lat' dir='ltr'><strong>d</strong></span> <span class='ocrx_word' id='word_1_151' title='bbox 1271 2323 1335 2385; x_wconf 89' lang='lat' dir='ltr'><strong>Res</strong></span> 
     </span>
     <span class='ocr_line' id='line_1_18' title="bbox 260 2414 1334 2512; baseline -0.001 -20"><span class='ocrx_word' id='word_1_152' title='bbox 260 2431 377 2512; x_wconf 88' lang='lat' dir='ltr'><strong>utique</strong></span> <span class='ocrx_word' id='word_1_153' title='bbox 396 2431 521 2511; x_wconf 86' lang='lat' dir='ltr'><strong>positae</strong></span> <span class='ocrx_word' id='word_1_154' title='bbox 539 2448 639 2511; x_wconf 90' lang='lat' dir='ltr'><strong>super</strong></span> <span class='ocrx_word' id='word_1_155' title='bbox 654 2436 795 2510; x_wconf 88' lang='lat' dir='ltr'><strong>punctos</strong></span> <span class='ocrx_word' id='word_1_156' title='bbox 809 2429 845 2503; x_wconf 80' lang='lat' dir='ltr'><strong>t,</strong></span> <span class='ocrx_word' id='word_1_157' title='bbox 863 2431 885 2491; x_wconf 84' lang='lat' dir='ltr'><strong>t</strong></span> <span class='ocrx_word' id='word_1_158' title='bbox 898 2414 1098 2491; x_wconf 86' lang='lat' dir='ltr'><strong>videbuntur</strong></span> <span class='ocrx_word' id='word_1_159' title='bbox 1115 2447 1216 2510; x_wconf 90' lang='lat' dir='ltr'><strong>super</strong></span> <span class='ocrx_word' id='word_1_160' title='bbox 1230 2449 1334 2492; x_wconf 92' lang='lat' dir='ltr'><strong>unam</strong></span> 
     </span>
     <span class='ocr_line' id='line_1_19' title="bbox 261 2538 1335 2620; baseline -0.001 -19"><span class='ocrx_word' id='word_1_161' title='bbox 261 2538 402 2615; x_wconf 88' lang='lat' dir='ltr'><strong>lineam,</strong></span> <span class='ocrx_word' id='word_1_162' title='bbox 424 2556 510 2620; x_wconf 88' lang='lat' dir='ltr'><strong>quae</strong></span> <span class='ocrx_word' id='word_1_163' title='bbox 533 2544 582 2601; x_wconf 89' lang='lat' dir='ltr'><strong>est</strong></span> <span class='ocrx_word' id='word_1_164' title='bbox 601 2541 648 2617; x_wconf 78' lang='lat' dir='ltr'><strong>qd</strong></span> <span class='ocrx_word' id='word_1_165' title='bbox 668 2540 756 2601; x_wconf 88' lang='lat' dir='ltr'><strong>circa</strong></span> <span class='ocrx_word' id='word_1_166' title='bbox 773 2544 934 2619; x_wconf 91' lang='lat' dir='ltr'><strong>punctum</strong></span> <span class='ocrx_word' id='word_1_167' title='bbox 951 2548 978 2613; x_wconf 84' lang='lat' dir='ltr'><strong>t,·</strong></span> <span class='ocrx_word' id='word_1_168' title='bbox 1000 2544 1160 2618; x_wconf 88' lang='lat' dir='ltr'><strong>utraeque</strong></span> <span class='ocrx_word' id='word_1_169' title='bbox 1176 2543 1285 2601; x_wconf 86' lang='lat' dir='ltr'><strong>autem</strong></span> <span class='ocrx_word' id='word_1_170' title='bbox 1301 2539 1335 2600; x_wconf 89' lang='lat' dir='ltr'><strong>in</strong></span> 
     </span>
     <span class='ocr_line' id='line_1_20' title="bbox 262 2646 1336 2728; baseline -0.001 -18"><span class='ocrx_word' id='word_1_171' title='bbox 262 2667 332 2712; x_wconf 89' lang='lat' dir='ltr'><strong>uno</strong></span> <span class='ocrx_word' id='word_1_172' title='bbox 353 2649 426 2711; x_wconf 89' lang='lat' dir='ltr'><strong>loco</strong></span> <span class='ocrx_word' id='word_1_173' title='bbox 452 2666 520 2710; x_wconf 90' lang='lat' dir='ltr'><strong>nen</strong></span> <span class='ocrx_word' id='word_1_174' title='bbox 542 2647 758 2721; x_wconf 87' lang='lat' dir='ltr'><strong>videbuntur,</strong></span> <span class='ocrx_word' id='word_1_175' title='bbox 781 2655 892 2709; x_wconf 89' lang='lat' dir='ltr'><strong>tamen</strong></span> <span class='ocrx_word' id='word_1_176' title='bbox 906 2646 926 2706; x_wconf 79' lang='lat' dir='ltr'><strong>lc</strong></span> <span class='ocrx_word' id='word_1_177' title='bbox 940 2647 1106 2709; x_wconf 86' lang='lat' dir='ltr'><strong>videbitur</strong></span> <span class='ocrx_word' id='word_1_178' title='bbox 1120 2647 1336 2728; x_wconf 87' lang='lat' dir='ltr'><strong>propinquior</strong></span> 
     </span>
     <span class='ocr_line' id='line_1_21' title="bbox 260 2756 1335 2837; baseline 0.001 -19"><span class='ocrx_word' id='word_1_179' title='bbox 260 2757 345 2820; x_wconf 87' lang='lat' dir='ltr'><strong>visui</strong></span> <span class='ocrx_word' id='word_1_180' title='bbox 367 2774 469 2837; x_wconf 85' lang='lat' dir='ltr'><strong>quam</strong></span> <span class='ocrx_word' id='word_1_181' title='bbox 491 2757 532 2830; x_wconf 81' lang='lat' dir='ltr'><strong>t,</strong></span> <span class='ocrx_word' id='word_1_182' title='bbox 559 2764 592 2819; x_wconf 90' lang='lat' dir='ltr'><strong>et</strong></span> <span class='ocrx_word' id='word_1_183' title='bbox 614 2756 677 2820; x_wconf 87' lang='lat' dir='ltr'><strong>crit</strong></span> <span class='ocrx_word' id='word_1_184' title='bbox 697 2756 869 2818; x_wconf 87' lang='lat' dir='ltr'><strong>diversitas</strong></span> <span class='ocrx_word' id='word_1_185' title='bbox 891 2772 1008 2818; x_wconf 88' lang='lat' dir='ltr'><strong>earum</strong></span> <span class='ocrx_word' id='word_1_186' title='bbox 1029 2756 1064 2817; x_wconf 87' lang='lat' dir='ltr'><strong>in</strong></span> <span class='ocrx_word' id='word_1_187' title='bbox 1088 2756 1335 2837; x_wconf 86' lang='lat' dir='ltr'><strong>propinquitate</strong></span> 
     </span>
     <span class='ocr_line' id='line_1_22' title="bbox 262 2864 1337 2945; baseline -0.002 -16"><span class='ocrx_word' id='word_1_188' title='bbox 262 2873 295 2929; x_wconf 86' lang='lat' dir='ltr'><strong>et</strong></span> <span class='ocrx_word' id='word_1_189' title='bbox 314 2866 499 2929; x_wconf 87' lang='lat' dir='ltr'><strong>remotione</strong></span> <span class='ocrx_word' id='word_1_190' title='bbox 520 2865 637 2938; x_wconf 88' lang='lat' dir='ltr'><strong>maior,</strong></span> <span class='ocrx_word' id='word_1_191' title='bbox 661 2882 737 2926; x_wconf 90' lang='lat' dir='ltr'><strong>oum</strong></span> <span class='ocrx_word' id='word_1_192' title='bbox 759 2864 948 2945; x_wconf 77' lang='lat' dir='ltr'><strong>proclivitas</strong></span> <span class='ocrx_word' id='word_1_193' title='bbox 969 2864 1015 2925; x_wconf 80' lang='lat' dir='ltr'><strong>tt</strong></span> <span class='ocrx_word' id='word_1_194' title='bbox 1037 2883 1057 2927; x_wconf 93' lang='lat' dir='ltr'><strong>a</strong></span> <span class='ocrx_word' id='word_1_195' title='bbox 1079 2864 1213 2945; x_wconf 89' lang='lat' dir='ltr'><strong>speculo</strong></span> <span class='ocrx_word' id='word_1_196' title='bbox 1236 2865 1337 2928; x_wconf 87' lang='lat' dir='ltr'><strong>luerit</strong></span> 
     </span>
     <span class='ocr_line' id='line_1_23' title="bbox 261 2973 1335 3049; baseline 0.002 -13"><span class='ocrx_word' id='word_1_197' title='bbox 261 2974 379 3038; x_wconf 84' lang='lat' dir='ltr'><strong>maior.</strong></span> <span class='ocrx_word' id='word_1_198' title='bbox 402 2975 495 3037; x_wconf 81' lang='lat' dir='ltr'><strong>&#39;luno</strong></span> <span class='ocrx_word' id='word_1_199' title='bbox 509 2975 600 3036; x_wconf 90' lang='lat' dir='ltr'><strong>enim</strong></span> <span class='ocrx_word' id='word_1_200' title='bbox 614 2974 780 3036; x_wconf 87' lang='lat' dir='ltr'><strong>videbitur</strong></span> <span class='ocrx_word' id='word_1_201' title='bbox 802 2975 824 3034; x_wconf 80' lang='lat' dir='ltr'><strong>t</strong></span> <span class='ocrx_word' id='word_1_202' title='bbox 845 2973 881 3036; x_wconf 92' lang='lat' dir='ltr'><strong>in</strong></span> <span class='ocrx_word' id='word_1_203' title='bbox 904 2973 977 3037; x_wconf 97' lang='lat' dir='ltr'><strong>loco</strong></span> <span class='ocrx_word' id='word_1_204' title='bbox 998 2992 1045 3047; x_wconf 87' lang='lat' dir='ltr'><strong>m,</strong></span> <span class='ocrx_word' id='word_1_205' title='bbox 1067 2980 1099 3035; x_wconf 91' lang='lat' dir='ltr'><strong>et</strong></span> <span class='ocrx_word' id='word_1_206' title='bbox 1119 2973 1138 3034; x_wconf 75' lang='lat' dir='ltr'><strong>lc</strong></span> <span class='ocrx_word' id='word_1_207' title='bbox 1161 2975 1194 3035; x_wconf 91' lang='lat' dir='ltr'><strong>in</strong></span> <span class='ocrx_word' id='word_1_208' title='bbox 1218 2974 1335 3049; x_wconf 85' lang='lat' dir='ltr'><strong>locos,</strong></span> 
     </span>
    </p>
   </div>
   <div class='ocr_carea' id='block_1_2' title="bbox 260 3067 1458 3165">
    <p class='ocr_par' dir='ltr' id='par_1_3' title="bbox 260 3067 1458 3165">
     <span class='ocr_line' id='line_1_24' title="bbox 260 3067 1458 3165; baseline -0.001 -18"><span class='ocrx_word' id='word_1_209' title='bbox 260 3084 397 3147; x_wconf 86' lang='lat' dir='ltr'><strong>ethaeo</strong></span> <span class='ocrx_word' id='word_1_210' title='bbox 419 3084 485 3145; x_wconf 90' lang='lat' dir='ltr'><strong>duo</strong></span> <span class='ocrx_word' id='word_1_211' title='bbox 507 3083 581 3146; x_wconf 89' lang='lat' dir='ltr'><strong>loca</strong></span> <span class='ocrx_word' id='word_1_212' title='bbox 601 3091 694 3156; x_wconf 82' lang='lat' dir='ltr'><strong>sunt,</strong></span> <span class='ocrx_word' id='word_1_213' title='bbox 717 3100 736 3145; x_wconf 90' lang='lat' dir='ltr'><strong>a</strong></span> <span class='ocrx_word' id='word_1_214' title='bbox 758 3083 880 3163; x_wconf 84' lang='lat' dir='ltr'><strong>quibus</strong></span> <span class='ocrx_word' id='word_1_215' title='bbox 902 3083 1056 3146; x_wconf 84' lang='lat' dir='ltr'><strong>incidunt</strong></span> <span class='ocrx_word' id='word_1_216' title='bbox 1071 3067 1167 3144; x_wconf 72' lang='lat' dir='ltr'><strong>&#39;duae</strong></span> <span class='ocrx_word' id='word_1_217' title='bbox 1195 3101 1334 3163; x_wconf 86' lang='lat' dir='ltr'><strong>perpen-</strong></span> <span class='ocrx_word' id='word_1_218' title='bbox 1455 3161 1458 3165; x_wconf 10' lang='grc' dir='ltr'><strong>ἡ</strong></span> 
     </span>
    </p>
   </div>
   <div class='ocr_carea' id='block_1_3' title="bbox 258 3186 1337 4148">
    <p class='ocr_par' dir='ltr' id='par_1_4' title="bbox 263 3186 772 3272">
     <span class='ocr_line' id='line_1_25' title="bbox 263 3186 772 3272; baseline -0.002 -17"><span class='ocrx_word' id='word_1_219' title='bbox 263 3186 428 3257; x_wconf 84' lang='lat' dir='ltr'><strong>diculares</strong></span> <span class='ocrx_word' id='word_1_220' title='bbox 449 3208 550 3272; x_wconf 86' lang='lat' dir='ltr'><strong>super</strong></span> <span class='ocrx_word' id='word_1_221' title='bbox 571 3192 695 3255; x_wconf 89' lang='lat' dir='ltr'><strong>lineam</strong></span> <span class='ocrx_word' id='word_1_222' title='bbox 716 3196 772 3271; x_wconf 76' lang='lat' dir='ltr'><strong>qd.</strong></span> 
     </span>
    </p>

    <p class='ocr_par' dir='ltr' id='par_1_5' title="bbox 258 3300 1337 4148">
     <span class='ocr_line' id='line_1_26' title="bbox 303 3300 1337 3375; baseline 0 -12"><span class='ocrx_word' id='word_1_223' title='bbox 303 3304 341 3364; x_wconf 86' lang='lat' dir='ltr'><strong>llt</strong></span> <span class='ocrx_word' id='word_1_224' title='bbox 367 3317 445 3363; x_wconf 90' lang='lat' dir='ltr'><strong>cum</strong></span> <span class='ocrx_word' id='word_1_225' title='bbox 471 3301 555 3364; x_wconf 88' lang='lat' dir='ltr'><strong>haec</strong></span> <span class='ocrx_word' id='word_1_226' title='bbox 576 3302 622 3364; x_wconf 91' lang='lat' dir='ltr'><strong>ita</strong></span> <span class='ocrx_word' id='word_1_227' title='bbox 643 3300 784 3375; x_wconf 87' lang='lat' dir='ltr'><strong>fuerint,</strong></span> <span class='ocrx_word' id='word_1_228' title='bbox 807 3301 893 3363; x_wconf 87' lang='lat' dir='ltr'><strong>siout</strong></span> <span class='ocrx_word' id='word_1_229' title='bbox 916 3300 1081 3373; x_wconf 85' lang='lat' dir='ltr'><strong>diximus,</strong></span> <span class='ocrx_word' id='word_1_230' title='bbox 1103 3302 1277 3375; x_wconf 88' lang='lat' dir='ltr'><strong>convenit,</strong></span> <span class='ocrx_word' id='word_1_231' title='bbox 1300 3311 1337 3363; x_wconf 89' lang='lat' dir='ltr'><strong>ut</strong></span> 
     </span>
     <span class='ocr_line' id='line_1_27' title="bbox 260 3405 1335 3490; baseline 0.002 -18"><span class='ocrx_word' id='word_1_232' title='bbox 260 3418 381 3474; x_wconf 86' lang='lat' dir='ltr'><strong>natura</strong></span> <span class='ocrx_word' id='word_1_233' title='bbox 408 3405 568 3490; x_wconf 86' lang='lat' dir='ltr'><strong>coaequet</strong></span> <span class='ocrx_word' id='word_1_234' title='bbox 596 3409 821 3473; x_wconf 89' lang='lat' dir='ltr'><strong>diversitatem</strong></span> <span class='ocrx_word' id='word_1_235' title='bbox 843 3428 929 3490; x_wconf 88' lang='lat' dir='ltr'><strong>qnae</strong></span> <span class='ocrx_word' id='word_1_236' title='bbox 952 3417 1007 3472; x_wconf 85' lang='lat' dir='ltr'><strong>est</strong></span> <span class='ocrx_word' id='word_1_237' title='bbox 1026 3410 1112 3472; x_wconf 90' lang='lat' dir='ltr'><strong>inter</strong></span> <span class='ocrx_word' id='word_1_238' title='bbox 1134 3411 1217 3472; x_wconf 92' lang='lat' dir='ltr'><strong>duos</strong></span> <span class='ocrx_word' id='word_1_239' title='bbox 1239 3417 1335 3485; x_wconf 82' lang='lat' dir='ltr'><strong>axes,</strong></span> 
     </span>
     <span class='ocr_line' id='line_1_28' title="bbox 261 3518 1336 3600; baseline -0.003 -17"><span class='ocrx_word' id='word_1_240' title='bbox 261 3527 295 3583; x_wconf 87' lang='lat' dir='ltr'><strong>et</strong></span> <span class='ocrx_word' id='word_1_241' title='bbox 320 3526 494 3600; x_wconf 79' lang='lat' dir='ltr'><strong>congreget</strong></span> <span class='ocrx_word' id='word_1_242' title='bbox 519 3536 576 3582; x_wconf 87' lang='lat' dir='ltr'><strong>eos</strong></span> <span class='ocrx_word' id='word_1_243' title='bbox 603 3518 788 3582; x_wconf 89' lang='lat' dir='ltr'><strong>secundum</strong></span> <span class='ocrx_word' id='word_1_244' title='bbox 815 3518 918 3580; x_wconf 89' lang='lat' dir='ltr'><strong>situm</strong></span> <span class='ocrx_word' id='word_1_245' title='bbox 940 3520 988 3580; x_wconf 88' lang='lat' dir='ltr'><strong>rei</strong></span> <span class='ocrx_word' id='word_1_246' title='bbox 1010 3519 1191 3595; x_wconf 78' lang='lat' dir='ltr'><strong>videndae3</strong></span> <span class='ocrx_word' id='word_1_247' title='bbox 1218 3520 1336 3582; x_wconf 88' lang='lat' dir='ltr'><strong>cadent</strong></span> 
     </span>
     <span class='ocr_line' id='line_1_29' title="bbox 261 3627 1334 3709; baseline -0.001 -19"><span class='ocrx_word' id='word_1_248' title='bbox 261 3644 339 3708; x_wconf 78' lang='lat' dir='ltr'><strong>crgo</strong></span> <span class='ocrx_word' id='word_1_249' title='bbox 360 3629 494 3708; x_wconf 87' lang='lat' dir='ltr'><strong>utrique</strong></span> <span class='ocrx_word' id='word_1_250' title='bbox 518 3645 617 3708; x_wconf 89' lang='lat' dir='ltr'><strong>super</strong></span> <span class='ocrx_word' id='word_1_251' title='bbox 638 3644 712 3690; x_wconf 87' lang='lat' dir='ltr'><strong>eam</strong></span> <span class='ocrx_word' id='word_1_252' title='bbox 735 3646 755 3690; x_wconf 91' lang='lat' dir='ltr'><strong>a</strong></span> <span class='ocrx_word' id='word_1_253' title='bbox 776 3627 938 3709; x_wconf 83' lang='lat' dir='ltr'><strong>principio</strong></span> <span class='ocrx_word' id='word_1_254' title='bbox 964 3628 1054 3708; x_wconf 92' lang='lat' dir='ltr'><strong>quod</strong></span> <span class='ocrx_word' id='word_1_255' title='bbox 1078 3635 1127 3691; x_wconf 90' lang='lat' dir='ltr'><strong>est</strong></span> <span class='ocrx_word' id='word_1_256' title='bbox 1148 3629 1334 3702; x_wconf 86' lang='lat' dir='ltr'><strong>intereos,</strong></span> 
     </span>
     <span class='ocr_line' id='line_1_30' title="bbox 261 3737 1336 3819; baseline -0.002 -19"><span class='ocrx_word' id='word_1_257' title='bbox 261 3745 292 3800; x_wconf 89' lang='lat' dir='ltr'><strong>et</strong></span> <span class='ocrx_word' id='word_1_258' title='bbox 313 3743 363 3800; x_wconf 90' lang='lat' dir='ltr'><strong>est</strong></span> <span class='ocrx_word' id='word_1_259' title='bbox 384 3737 469 3800; x_wconf 94' lang='lat' dir='ltr'><strong>illud</strong></span> <span class='ocrx_word' id='word_1_260' title='bbox 486 3737 521 3798; x_wconf 89' lang='lat' dir='ltr'><strong>in</strong></span> <span class='ocrx_word' id='word_1_261' title='bbox 542 3755 611 3816; x_wconf 88' lang='lat' dir='ltr'><strong>quo</strong></span> <span class='ocrx_word' id='word_1_262' title='bbox 634 3737 730 3799; x_wconf 88' lang='lat' dir='ltr'><strong>debet</strong></span> <span class='ocrx_word' id='word_1_263' title='bbox 751 3738 941 3800; x_wconf 90' lang='lat' dir='ltr'><strong>coniunctio</strong></span> <span class='ocrx_word' id='word_1_264' title='bbox 964 3738 1111 3819; x_wconf 87' lang='lat' dir='ltr'><strong>capitum</strong></span> <span class='ocrx_word' id='word_1_265' title='bbox 1126 3737 1336 3818; x_wconf 77' lang='lat' dir='ltr'><strong>pyramidum</strong></span> 
     </span>
     <span class='ocr_line' id='line_1_31' title="bbox 264 3844 1335 3925; baseline 0 -19"><span class='ocrx_word' id='word_1_266' title='bbox 264 3845 348 3916; x_wconf 84' lang='lat' dir='ltr'><strong>fleri,</strong></span> <span class='ocrx_word' id='word_1_267' title='bbox 363 3852 396 3908; x_wconf 89' lang='lat' dir='ltr'><strong>et</strong></span> <span class='ocrx_word' id='word_1_268' title='bbox 410 3845 567 3908; x_wconf 90' lang='lat' dir='ltr'><strong>distantia</strong></span> <span class='ocrx_word' id='word_1_269' title='bbox 581 3845 653 3908; x_wconf 93' lang='lat' dir='ltr'><strong>eius</strong></span> <span class='ocrx_word' id='word_1_270' title='bbox 670 3845 711 3907; x_wconf 90' lang='lat' dir='ltr'><strong>ab</strong></span> <span class='ocrx_word' id='word_1_271' title='bbox 727 3844 796 3906; x_wconf 90' lang='lat' dir='ltr'><strong>illis</strong></span> <span class='ocrx_word' id='word_1_272' title='bbox 813 3852 863 3908; x_wconf 89' lang='lat' dir='ltr'><strong>est</strong></span> <span class='ocrx_word' id='word_1_273' title='bbox 877 3846 1037 3925; x_wconf 87' lang='lat' dir='ltr'><strong>aequalis,</strong></span> <span class='ocrx_word' id='word_1_274' title='bbox 1051 3853 1084 3908; x_wconf 94' lang='lat' dir='ltr'><strong>et</strong></span> <span class='ocrx_word' id='word_1_275' title='bbox 1100 3862 1215 3908; x_wconf 85' lang='lat' dir='ltr'><strong>eorum</strong></span> <span class='ocrx_word' id='word_1_276' title='bbox 1230 3845 1335 3907; x_wconf 92' lang='lat' dir='ltr'><strong>sensi·</strong></span> 
     </span>
     <span class='ocr_line' id='line_1_32' title="bbox 258 3944 1336 4034; baseline -0.001 -18"><span class='ocrx_word' id='word_1_277' title='bbox 258 3954 369 4017; x_wconf 85' lang='lat' dir='ltr'><strong>bilitas</strong></span> <span class='ocrx_word' id='word_1_278' title='bbox 392 3963 441 4017; x_wconf 89' lang='lat' dir='ltr'><strong>est</strong></span> <span class='ocrx_word' id='word_1_279' title='bbox 461 3955 663 4029; x_wconf 76' lang='lat' dir='ltr'><strong>communis,</strong></span> <span class='ocrx_word' id='word_1_280' title='bbox 687 3953 789 4034; x_wconf 89' lang='lat' dir='ltr'><strong>litque</strong></span> <span class='ocrx_word' id='word_1_281' title='bbox 811 3953 874 4016; x_wconf 90' lang='lat' dir='ltr'><strong>hoo</strong></span> <span class='ocrx_word' id='word_1_282' title='bbox 898 3944 1196 4032; x_wconf 89' lang='lat' dir='ltr'><strong>secundum-quod</strong></span> <span class='ocrx_word' id='word_1_283' title='bbox 1217 3953 1336 4016; x_wconf 86' lang='lat' dir='ltr'><strong>accidit</strong></span> 
     </span>
     <span class='ocr_line' id='line_1_33' title="bbox 259 4061 1334 4148; baseline 0 -24"><span class='ocrx_word' id='word_1_284' title='bbox 259 4064 297 4148; x_wconf 86' lang='lat' dir='ltr'><strong>in¹</strong></span> <span class='ocrx_word' id='word_1_285' title='bbox 317 4082 385 4126; x_wconf 89' lang='lat' dir='ltr'><strong>una</strong></span> <span class='ocrx_word' id='word_1_286' title='bbox 406 4064 459 4126; x_wconf 83' lang='lat' dir='ltr'><strong>via</strong></span> <span class='ocrx_word' id='word_1_287' title='bbox 479 4064 520 4125; x_wconf 91' lang='lat' dir='ltr'><strong>de</strong></span> <span class='ocrx_word' id='word_1_288' title='bbox 544 4081 599 4138; x_wconf 90' lang='lat' dir='ltr'><strong>eo,</strong></span> <span class='ocrx_word' id='word_1_289' title='bbox 622 4062 707 4142; x_wconf 90' lang='lat' dir='ltr'><strong>quod</strong></span> <span class='ocrx_word' id='word_1_290' title='bbox 734 4063 882 4125; x_wconf 89' lang='lat' dir='ltr'><strong>medium</strong></span> <span class='ocrx_word' id='word_1_291' title='bbox 898 4072 947 4126; x_wconf 89' lang='lat' dir='ltr'><strong>est</strong></span> <span class='ocrx_word' id='word_1_292' title='bbox 962 4064 1047 4125; x_wconf 90' lang='lat' dir='ltr'><strong>inter</strong></span> <span class='ocrx_word' id='word_1_293' title='bbox 1061 4069 1202 4142; x_wconf 89' lang='lat' dir='ltr'><strong>utraque</strong></span> <span class='ocrx_word' id='word_1_294' title='bbox 1215 4061 1334 4138; x_wconf 85' lang='lat' dir='ltr'><strong>latera,</strong></span> 
     </span>
    </p>
   </div>
   <div class='ocr_carea' id='block_1_4' title="bbox 0 0 1648 5364">
    <p class='ocr_par' dir='ltr' id='par_1_6' title="bbox 0 0 1648 5364">
     <span class='ocr_line' id='line_1_34' title="bbox 0 0 1648 5364; baseline 0 0"><span class='ocrx_word' id='word_1_295' title='bbox 0 0 1648 5364; x_wconf 95' lang='lat' dir='ltr'><strong> </strong></span> 
     </span>
    </p>
   </div>
  </div>
 </body>
</html>
