3278 5364
318 511 378 581 tte

316 644 399 705 quae
427 626 465 689 lit
487 644 507 688 a
528 623 689 707 speculis;
718 624 752 688 in
784 625 1022 707 quantitatibus
1051 632 1162 693 aulem
1190 624 1385 709 auguriorum

314 755 383 799 non
405 737 452 799 ita
473 737 524 811 llt,
546 736 704 816 quoniam
728 736 911 817 aequalitas
932 755 1049 801 eorum
1066 756 1133 801 non
1149 738 1385 819 permanethic

315 846 500 911 secundum
522 846 675 911 habitum
696 847 786 924 eius;
809 847 1019 927 dignoscetur
1039 848 1226 929 responsio,
1249 849 1387 929 ecquod

315 956 502 1021 necessario
531 964 657 1037 oportet
684 957 732 1019 sic
760 957 831 1019 lleri
854 975 912 1038 per
934 975 974 1023 ea
1006 976 1090 1038 quae
1119 958 1388 1047 exposuerimus,

316 1084 354 1129 ex
380 1066 500 1147 quibus
527 1042 740 1146 dignoscetur
766 1067 864 1131 etiam
886 1084 939 1131 res
960 1067 1159 1141 mirabilior,
1180 1066 1339 1133 videlicet
1359 1076 1389 1131 et
1426 1074 1431 1083 '

314 1194 432 1241 corsus
454 1182 591 1241 naturae
613 1176 647 1239 io
671 1177 903 1241 conservandis
926 1177 1053 1241 actibus
1073 1177 1216 1241 virtutis.

358 1286 439 1349 Cum
467 1286 558 1353 enim
587 1286 779 1360 distinctio,
808 1286 842 1348 in
871 1304 937 1366 qua
965 1287 1003 1348 tit
1029 1284 1086 1351 hic
1114 1294 1226 1351 motus
1252 1286 1388 1351 risibilis

317 1397 400 1459 rant
427 1397 467 1459 aa
499 1376 728 1478 superficiem,
758 1397 797 1460 ue
826 1415 893 1476 qus
922 1397 959 1459 ot
988 1396 1126 1471 taetro,
1148 1403 1181 1461 a
1201 1394 1275 1461 tute
1298 1397 1337 1461 ot
1355 1415 1390 1461 οι

317 1507 488 1587 superficie
511 1506 586 1581 ista,
608 1507 700 1571 decet
721 1506 799 1569 inde
824 1513 860 1568 ut
881 1506 977 1569 nobis
997 1505 1138 1579 videtur,
1159 1506 1235 1571 lieri
1255 1506 1315 1571 bic
1332 1508 1391 1571 irs·

317 1618 461 1683 ctionem
494 1615 640 1697 aliquam
672 1615 856 1679 secundnm
891 1616 1107 1702 directionem
1143 1614 1388 1697 perpendicula·

316 1728 419 1802 rium,
441 1725 609 1793 illic-vero
630 1726 704 1789 fleri
726 1726 917 1789 fractionem
941 1724 1111 1789 maiorem.
1134 1725 1215 1791 Cum
1234 1725 1390 1797 deberent

317 1838 438 1902 alterae
460 1855 574 1901 earum
596 1854 788 1916 permanere
812 1836 846 1897 in
870 1852 1069 1915 unaquaque
1091 1835 1231 1899 istarum
1254 1834 1390 1899 ducrum

318 1947 523 2028 specierum,
545 1954 578 2010 et
595 1936 721 2009 ruoveri
739 1963 840 2026 supra
856 1963 960 2009 unam
978 1944 1103 2011 lineam
1119 1952 1246 2009 rectam
1265 1952 1392 2028 propter

319 2058 536 2130 divisionem,
564 2073 649 2135 quse
678 2056 714 2119 fit
741 2055 925 2119 secundum
955 2054 1189 2134 aequalitatem
1218 2056 1303 2121 recti
1333 2074 1389 2121 sn·

319 2165 403 2247 guli,
427 2168 483 2230 sed
506 2166 560 2228 bic
579 2166 736 2245 quoniam
755 2165 817 2227 hoc
832 2164 869 2225 tlt
884 2172 1016 2245 propter
1031 2164 1174 2227 validam
1188 2165 1392 2237 tractionem,

319 2295 403 2358 quae
426 2294 494 2339 non
516 2285 629 2339 manet
651 2276 685 2337 in
709 2274 823 2337 habitu
846 2292 924 2347 suo,
947 2292 987 2338 eo
1006 2274 1095 2353 quod
1112 2273 1147 2335 in
1162 2275 1392 2339 reverberatio·

319 2388 418 2450 nibus
439 2384 598 2467 possibile
621 2392 671 2449 est
692 2385 868 2448 transitum
891 2383 962 2447 lieri
984 2384 1018 2446 in
1043 2385 1092 2449 eis
1114 2402 1191 2447 cum
1213 2383 1391 2457 elevantur,

319 2500 353 2559 in
375 2496 571 2561 flexionibus
598 2502 707 2559 autem
738 2495 801 2557 boc
824 2512 890 2556 non
915 2494 973 2568 lit,
1001 2494 1159 2573 quoniam
1187 2494 1391 2576 impossibile

320 2615 369 2669 est
390 2606 584 2670 fractionem
605 2623 798 2686 permanere
821 2589 1007 2669 secundum
1028 2604 1272 2685 oppositionem
1294 2612 1328 2669 et
1344 2605 1391 2669 di·

320 2716 516 2793 rectionem3
538 2722 667 2795 oportet
688 2715 765 2777 inde
787 2714 859 2777 fieri
883 2713 938 2777 hic
961 2714 1154 2777 tractionem
1176 2714 1342 2779 maiorem
1357 2731 1393 2777 er

321 2827 375 2889 bis
402 2843 485 2907 quae
514 2826 600 2889 liunt
621 2826 655 2887 in
678 2825 831 2887 maximis
860 2823 1026 2887 distantiis
1048 2823 1391 2911 perpendicularium,

322 2935 392 2999 illic
414 2954 491 3014 vero
513 2935 668 2999 minores.

362 3047 399 3108 Et
419 3063 534 3108 rursus
557 3044 636 3124 quia
657 3045 692 3107 in
715 3044 1036 3108 reverberationibus
1051 3051 1139 3107 esset
1153 3044 1326 3124 quantitas
1341 3062 1392 3107 an·

321 3154 490 3235 gulosum,
514 3173 573 3236 per
593 3170 693 3235 quam
716 3155 754 3218 fit
775 3154 915 3233 angulus
938 3161 1113 3218 contentus
1130 3152 1393 3234 extinctaque

321 3266 521 3346 propinquae
551 3271 629 3327 sunt
656 3263 942 3345 perpendiculari,
971 3271 1003 3327 et
1029 3263 1138 3327 lineae
1160 3261 1322 3343 proclivi,
1343 3280 1393 3327 se·

195 3446 199 3453 ,
321 3373 432 3456 qualis
455 3373 591 3455 angulo,
612 3393 711 3455 quem
734 3375 906 3437 continent
928 3374 1036 3437 lineae
1057 3379 1205 3437 remotae
1223 3390 1392 3455 aperpsn·

322 3481 459 3547 diculsri
482 3489 516 3545 et
537 3499 556 3544 a
577 3481 667 3545 linea
681 3480 831 3562 proclivi;
854 3486 983 3561 oportet
998 3480 1113 3545 exinde
1128 3479 1165 3543 in
1181 3478 1325 3547 flexione
1340 3497 1391 3547 sn·

322 3590 436 3673 gulum
465 3598 657 3654 contentum
689 3610 708 3653 a
735 3588 832 3654 lineis
862 3591 1056 3672 propinquis
1078 3588 1345 3670 perpendiculari
1364 3596 1393 3653 ct

322 3701 430 3765 lineae
452 3699 587 3782 proclivi
609 3700 780 3781 aequalem
804 3718 876 3765 esse
898 3699 1037 3779 angulo,
1059 3716 1159 3779 quem
1180 3717 1298 3765 ntrnts
1318 3716 1392 3767 con·

323 3812 431 3875 tinent
451 3811 574 3885 lineae,
601 3829 686 3892 quae
708 3818 881 3875 transeunt
901 3828 959 3891 per
980 3810 1163 3873 sectionem
1184 3808 1394 3891 perpendicu-

323 3921 402 3987 laris
424 3929 458 3986 et
478 3921 586 3987 lineae
609 3920 780 4002 proclivis,
801 3922 848 3984 ita
869 3919 1040 3985 videlicet:
1065 3919 1263 3985 arbitremur
1283 3936 1393 4001 super

322 4032 432 4103 ttclem
461 4031 502 4095 de
530 4050 596 4113 qna
625 4031 663 4095 tlt
691 4032 877 4107 bacco-et
908 4027 1156 4097 distinctionem
1185 4044 1392 4097 communem
