3278 5364
1257 586 1318 652 ili

257 700 327 766 cius
349 704 480 781 aparte
502 698 635 781 speculi.
658 699 737 763 dum
759 699 848 763 enim
865 699 1133 764 constituerimus
1149 699 1317 764 circumfe-

256 810 411 884 rentiam,
427 811 467 873 ad
483 828 582 890 quam
596 810 734 873 visibilis
750 811 860 874 radius
874 809 1075 890 refringitur,
1094 816 1126 872 ot
1140 827 1318 874 concavum

257 920 342 985 latus
364 921 436 985 eius
457 921 556 985 luerit
577 940 596 984 a
616 929 708 1001 parte
724 921 863 1003 speculi,
883 928 921 985 ut
942 921 1206 985 circumferentia
1228 922 1316 996 itas,

259 1031 364 1095 forma
386 1032 498 1113 puncti
512 1050 527 1094 a
548 1033 609 1095 erit
629 1032 715 1101 inter
735 1039 871 1112 punctos
886 1035 918 1106 d,
933 1051 969 1106 a,
991 1032 1076 1094 sicut
1090 1038 1229 1112 punctus
1242 1049 1270 1107 o,
1287 1038 1319 1095 et

256 1160 369 1207 rursus
392 1146 455 1206 erit
474 1142 578 1216 linea,
601 1160 684 1222 quae
706 1143 823 1204 transit
843 1160 903 1223 per
922 1149 1059 1222 punctos
1075 1142 1106 1217 lc,
1122 1152 1146 1216 t,
1161 1161 1192 1216 o,
1214 1141 1318 1221 magis

256 1271 413 1332 concava;
439 1255 510 1335 ipsa
534 1271 611 1317 vero
640 1259 710 1328 est,
736 1271 819 1334 quae
842 1252 1036 1316 describitur
1057 1270 1157 1334 super
1177 1252 1318 1317 formam

256 1363 305 1428 rei
324 1364 496 1429 videndae.

297 1475 381 1540 Item
403 1475 626 1539 existimemus
646 1475 944 1539 circumferentiam
963 1475 1024 1537 zell
1048 1472 1112 1554 lfil·
1127 1473 1203 1549 71),
1225 1473 1318 1538 cuius

256 1604 392 1651 curvum
414 1587 498 1649 latus
521 1587 563 1649 sit
584 1606 604 1651 a
625 1593 715 1668 parte
738 1585 877 1666 speculi,
904 1591 937 1649 et
963 1583 1133 1665 copuletur
1156 1584 1247 1648 linea
1270 1588 1320 1649 alt

256 1704 357 1773 recta,
380 1715 463 1778 quae
486 1697 615 1779 copulet
636 1697 795 1760 terminos
819 1696 867 1759 rei
885 1696 1058 1782 videndas,
1075 1701 1108 1758 et
1122 1695 1165 1757 sit
1179 1712 1319 1759 concava
1427 1722 1430 1727 ·

257 1808 362 1872 forma
385 1807 455 1871 eius
474 1809 549 1883 iat,
568 1816 601 1872 et
618 1808 695 1888 quia
711 1808 796 1870 radii
814 1825 889 1871 cum
903 1807 1028 1871 luerint
1044 1806 1199 1881 minores,
1213 1806 1327 1870 forma.

257 1914 320 1994 rei,
343 1936 427 1999 quae
448 1936 507 2000 per
528 1937 583 1982 eos
604 1921 732 1982 videtur
753 1919 854 1982 habet
874 1918 1039 1982 minorem
1060 1916 1264 1992 distantiam,
1287 1923 1319 1980 et

257 2029 435 2093 distantias
456 2048 476 2092 a
496 2029 597 2093 visue
613 2029 723 2092 minor
740 2035 789 2092 est
807 2046 907 2108 quam
930 2028 1084 2092 distantia
1096 2029 1117 2102 l,
1137 2045 1212 2090 cum
1230 2028 1318 2092 acci-

258 2141 345 2220 pitur
360 2141 396 2202 in
411 2140 502 2204 radio
517 2141 655 2203 retracto
671 2159 690 2204 a
704 2147 824 2221 puncto
840 2141 866 2215 b,
882 2148 914 2203 et
926 2139 1080 2202 distantia
1095 2139 1221 2202 formae
1237 2139 1319 2214 eius,

258 2269 340 2332 quae
355 2257 404 2314 est
414 2270 446 2325 o,
461 2251 571 2314 minor
588 2257 638 2314 est
655 2269 754 2331 quam
769 2250 924 2314 distantia
937 2252 957 2325 l,
974 2229 1140 2332 punctura
1154 2250 1320 2314 videbitur

258 2362 385 2425 interd
406 2368 437 2424 et
457 2381 488 2423 o.
511 2361 669 2425 Pcssihile
692 2368 741 2424 est
762 2380 837 2441 ergo
858 2362 999 2424 formam
1024 2361 1095 2425 eius
1124 2362 1319 2441 quandoque

258 2472 361 2536 videri
383 2490 480 2553 super
501 2492 547 2548 m,
575 2480 606 2535 et
632 2472 694 2536 erit
718 2473 825 2535 forma
855 2475 928 2535 τεὴ
960 2490 1060 2552 super
1085 2471 1211 2535 lineam
1237 2473 1320 2535 troi

258 2590 402 2657 nectam,
428 2589 461 2646 ct
486 2584 681 2663 quandoque
703 2583 790 2646 inter
811 2590 948 2664 punctos
969 2600 1022 2662 oc,
1041 2603 1080 2657 o,
1103 2589 1135 2646 et
1155 2582 1330 2646 videbitur¹

259 2694 348 2758 linea
373 2711 522 2758 concava.
549 2692 706 2758 Pcssihile
732 2712 862 2775 quoque
890 2701 939 2758 est
962 2696 1101 2758 formam
1123 2695 1318 2775 quandoque

257 2805 361 2869 rideri
381 2806 468 2869 inter
488 2812 625 2885 punctos
647 2807 683 2882 cl,
704 2825 750 2881 m,
773 2813 805 2870 et
827 2807 889 2869 erit
908 2805 997 2869 linea
1018 2824 1117 2869 curva
1138 2805 1319 2869 secundum

258 2917 517 2997 magnitudinem
533 2924 564 2980 et
578 2917 770 2998 parvitatem
784 2917 1007 2996 concavitatis;
1023 2917 1130 2980 forma
1141 2935 1220 2980 vero
1235 2936 1318 2998 pun·
1340 2940 1350 2969 ι

259 3036 387 3092 ctorum
407 3046 439 3103 z,
460 3031 482 3091 ll
502 3029 564 3091 erit
585 3027 712 3091 stabilis
734 3047 835 3109 super
855 3034 993 3108 punctos
1017 3038 1041 3101 t,
1063 3028 1092 3090 lc.

300 3141 338 3203 ln
365 3140 517 3204 concavis
547 3138 689 3221 speculis
717 3158 792 3204 cum
821 3140 929 3203 forma
955 3140 1004 3202 rei
1030 3139 1190 3202 ridendae
1220 3139 1320 3203 fuerit
1362 3128 1369 3139 ’

258 3257 344 3315 retro
374 3250 565 3331 speculum,
592 3251 732 3314 sentitur
758 3268 831 3314 esse
857 3251 892 3312 in
914 3249 973 3312 illa
993 3256 1085 3330 parte
1108 3267 1173 3329 qua
1194 3268 1246 3312 res
1269 3255 1319 3313 est

258 3380 349 3436 vere,
372 3367 502 3425 etcum
523 3361 697 3425 translatae
720 3361 842 3425 fuerint
862 3379 915 3424 res
935 3362 1093 3424 videndae
1115 3361 1156 3423 ad
1174 3359 1318 3440 aliquam

258 3472 423 3554 partium,
452 3480 607 3554 apparent
633 3450 758 3561 formae
787 3488 901 3535 earum
921 3471 1095 3535 translatae
1117 3471 1159 3534 ad
1180 3470 1318 3534 eandem

258 3591 394 3665 partem.
428 3583 593 3663 sicigitur
614 3583 714 3646 sectio
737 3581 851 3646 circuli
871 3582 907 3644 in
928 3598 1071 3645 concavo
1092 3581 1224 3663 speculo
1250 3583 1318 3661 obp

261 3695 324 3775 (ἧς.
348 3697 419 3770 7il,
442 3701 474 3758 et
494 3701 643 3758 centrum
665 3668 735 3757 eius
756 3696 790 3769 d,
811 3693 900 3756 visus
923 3698 1033 3757 autem
1054 3713 1082 3769 e,
1105 3700 1136 3757 et
1158 3694 1241 3757 duae
1262 3710 1316 3756 res

257 3808 418 3870 videndae
447 3824 466 3867 a
492 3805 648 3869 latoribus
671 3804 762 3878 eius,
792 3812 824 3867 et
844 3805 910 3868 sint
929 3821 962 3880 z,
985 3806 1023 3880 lt,
1046 3811 1078 3868 et
1099 3805 1317 3887 producantur
1339 3849 1342 3856 .

259 3918 369 3982 lineae
390 3920 464 3992 ἀει,
487 3918 573 3991 dal,
596 3922 629 3980 et
649 3915 871 3996 refringantur
891 3917 956 3979 duo
974 3915 1057 3980 radii
1074 3915 1228 3996 protracti
1244 3914 1319 3978 aba

259 4029 300 4093 ad
320 4047 340 4090 z
361 4033 392 4092 et
412 4030 433 4090 t
453 4029 496 4091 ad
517 4027 669 4107 aequales
692 4007 849 4109 angulos,
872 4033 905 4090 et
926 4027 1105 4102 sinteca
1126 4032 1157 4088 et
1178 4026 1263 4100 obla,
1286 4030 1319 4088 ct

260 4138 490 4222 protrahantur
510 4139 617 4203 lineae
638 4157 689 4216 ao,
708 4143 759 4217 ab,
781 4146 814 4204 et
835 4140 1011 4222 iungantur
1031 4137 1129 4202 lineis
1145 4139 1198 4214 dt,
1215 4136 1261 4201 dl
1281 4137 1317 4198 in

1272 4280 1291 4334 9
