3278 5364
1298 500 1339 565 tr
1412 479 1449 570 f

258 633 335 696 ergo
355 632 442 696 quae
463 632 532 678 non
554 613 703 678 inierunt
723 611 811 676 risui
832 610 1025 675 huiusmodi
1046 611 1252 690 passionem,
1273 630 1335 678 ne·

259 743 429 807 quaquam
454 725 609 788 videntur
633 730 669 786 ut
690 722 751 786 illa
772 741 857 803 quae
880 721 1022 805 diximus
1046 738 1210 803 essenon
1232 724 1339 804 spissa
1456 716 1459 719 ’

259 837 317 899 sed
339 836 486 915 subtilia3
508 854 570 899 nec
593 835 683 899 enim
706 835 947 915 dignoscuntur
968 850 1027 912 per
1043 833 1168 909 risum,
1187 851 1249 896 nec
1265 852 1338 898 seu-

260 946 389 1009 tiuntur
408 964 468 1027 per
490 964 568 1010 eum
589 963 662 1010 esse
678 962 826 1026 corpora.
849 944 984 1008 Videtur
999 948 1110 1008 autem
1124 942 1226 1020 illud,
1242 944 1337 1008 cuius

259 1056 351 1121 color
365 1064 415 1122 est
428 1057 581 1137 spissior,
603 1057 726 1120 habere
748 1056 910 1118 maiorem
932 1053 1209 1134 corporalitatem,
1225 1070 1338 1136 quam·

257 1167 309 1230 ris
331 1184 399 1229 non
422 1167 486 1230 tale
508 1167 568 1242 sit,
590 1172 627 1228 ut
649 1165 701 1229 lac
722 1164 765 1229 ad
786 1165 1071 1244 comparationem
1093 1164 1178 1229 vitri.

299 1276 395 1343 Visus
424 1295 558 1359 quoque
584 1276 742 1340 discernit
763 1276 862 1339 situm
884 1292 1085 1356 corporum,
1115 1281 1148 1339 et
1168 1276 1337 1357 cognoscit

260 1367 338 1452 eum
352 1405 412 1469 per
428 1389 529 1450 situm
551 1387 793 1468 principiorum
814 1402 965 1462 suorum,
987 1403 1071 1466 quae
1092 1387 1161 1449 iam
1183 1387 1336 1465 diximus,

259 1505 292 1562 et
312 1516 372 1579 per
392 1498 527 1562 ordines
549 1496 720 1561 radiorum
743 1514 763 1560 a
783 1496 859 1560 visu
879 1496 1069 1560 cadentium
1091 1513 1190 1577 super
1203 1496 1273 1573 illa,
1287 1499 1335 1560 vi·

258 1608 377 1673 delicet
405 1626 490 1691 quaa
513 1609 600 1672 fiunt
619 1609 657 1671 in
679 1607 889 1688 longitudine
911 1608 1094 1670 secundum
1117 1608 1336 1688 quantitatem

259 1720 451 1795 radiorum,
473 1720 531 1800 qui
553 1719 739 1801 procedunt
760 1736 781 1781 a
801 1718 907 1799 capite
929 1717 1071 1781 risibilis
1092 1719 1286 1800 pyramidis,
1305 1727 1338 1784 ct

260 1831 347 1894 liunt
367 1831 403 1893 in
422 1830 597 1895 latitudine
612 1836 645 1894 et
659 1829 883 1912 profunditate
898 1828 1084 1919 secundum
1099 1829 1270 1893 distantias
1284 1848 1337 1895 eo·

257 1959 333 2004 rum
356 1942 397 2004 ab
421 1959 478 2005 axe
500 1941 693 2004 consimiles
711 1940 840 2018 ordine3
857 1940 1017 2021 quoniam
1032 1939 1238 2004 diversitates
1253 1941 1336 2005 situs

258 2053 443 2116 secundum
464 2052 528 2115 hoc
546 2052 641 2128 flunt,
654 2051 744 2134 quod
762 2051 853 2115 enim
868 2050 997 2113 videtur
1011 2050 1155 2131 longiori
1169 2051 1272 2128 radio,
1288 2055 1335 2116 vi·

259 2163 353 2226 detur
374 2165 546 2237 remotius,
561 2180 638 2226 cum
653 2163 753 2226 fuerit
768 2166 984 2242 augmentum
998 2161 1214 2242 longitudinis
1231 2164 1335 2227 sensi·

257 2273 338 2338 bila:
360 2275 451 2354 quod
472 2274 566 2338 decet
586 2292 647 2337 nos
665 2272 852 2352 intelligere
868 2263 1077 2336 in'omnibus
1093 2273 1263 2353 speciebus
1279 2275 1334 2338 de·

259 2385 459 2464 captionum.
467 2383 590 2448 Accidit
601 2385 693 2447 enim
703 2383 867 2466 quaedam
880 2383 1030 2464 deceptio
1043 2402 1082 2446 er
1094 2383 1335 2448 diversitatibus

260 2492 483 2570 sensibilibus,
497 2511 583 2576 quae
600 2493 684 2557 fiunt
701 2492 797 2557 aliter
811 2474 851 2556 de
866 2492 930 2568 his,
952 2508 1038 2574 quae
1061 2492 1216 2557 accidunt
1236 2496 1335 2559 rebus

256 2603 427 2681 ridendis,
449 2622 535 2685 quae
561 2605 676 2684 ntique
703 2602 963 2683 significabimus
986 2609 1111 2684 postea.
1144 2604 1333 2684 Magnitudo

258 2732 349 2790 vero,
373 2731 457 2795 quae
481 2732 519 2778 ex
541 2712 865 2795 augmentationibus
879 2714 979 2776 modo
995 2713 1144 2794 quolibet
1157 2716 1335 2795 repertam
1381 2777 1384 2782 .

259 2825 423 2889 distantiis
439 2831 488 2889 est
500 2824 717 2899 insensibilis,
732 2824 830 2889 dehet
843 2825 999 2905 cognosci
1014 2825 1247 2890 universaliter
1260 2843 1335 2890 con·

259 2936 372 3000 sistere
386 2952 425 2999 ex
441 2936 605 2999 debilitate
619 2936 720 2999 visus.
742 2934 824 2998 Cum
846 2934 973 3016 aliquid
995 2936 1260 3016 magnitudinem
1276 2920 1334 3001 hass

212 3093 216 3105 .
259 3047 340 3110 hene
356 3045 458 3110 luerit
472 3047 512 3110 ab
528 3045 709 3126 aspiciente
732 3052 908 3121 remotum,
924 3052 962 3108 ut
975 3063 1014 3109 ea
1029 3062 1114 3127 quae
1128 3046 1283 3110 ridentur¹
1297 3048 1334 3111 in

258 3157 360 3233 coelo,
381 3174 420 3221 ox
442 3155 600 3238 parvitate
623 3163 736 3220 autern
756 3156 906 3239 ipsorum
922 3157 1119 3237 angulorum
1135 3157 1184 3235 fit,
1200 3158 1334 3238 quando

257 3286 323 3332 uon
336 3268 463 3332 hahent
477 3269 519 3333 ab
533 3267 712 3349 aspiciente
721 3267 872 3331 nimiam
886 3267 1087 3365 distantiam,
1103 3285 1213 3349 neque
1229 3286 1333 3349 quan-

260 3379 367 3444 titates
379 3394 495 3442 eorum
507 3378 633 3462 habent
643 3379 893 3460 proportionem
904 3379 945 3442 ad
957 3378 1201 3459 magnitudines
1211 3380 1334 3444 distan-

259 3490 386 3553 tiorum.
409 3489 471 3552 illa
491 3504 566 3553 vero
589 3506 675 3572 quae
694 3494 854 3572 apparent
870 3488 1079 3568 sublimiora,
1094 3495 1173 3553 sunt
1186 3509 1272 3573 quae
1286 3493 1334 3554 vi·

258 3600 375 3665 dentur
396 3616 456 3680 per
475 3599 587 3664 radios
602 3601 707 3682 magis
723 3600 928 3665 declinantes
945 3601 987 3665 ad
1003 3601 1048 3679 id,
1065 3602 1156 3683 quod
1171 3609 1334 3684 estsuper

258 3711 362 3792 capita
373 3715 503 3790 nostra3
520 3729 605 3792 quae
621 3716 734 3776 autem
749 3718 907 3794 apparent
919 3694 1088 3790 inferiora,
1103 3718 1181 3777 sunt
1198 3730 1238 3778 ea
1248 3732 1333 3795 quae

258 3821 410 3885 videntur
430 3839 489 3902 per
509 3823 621 3887 radios
636 3822 812 3887 interiores
827 3831 861 3888 et
875 3825 980 3904 magis
996 3823 1202 3890 declinantes
1216 3843 1331 3890 versus

259 3931 365 4012 pedes.
386 3932 548 3998 Similiter
569 3933 670 3997 ctiam
698 3935 788 4014 quod
808 3953 868 4016 per
888 3936 1000 3998 radios
1023 3937 1157 4000 dextros
1175 3936 1311 4001 ridetur
1324 3987 1348 4023 ‚b

260 4049 391 4124 apparet
413 4041 440 4108 a
453 4043 592 4120 destris,
621 4051 654 4108 et
675 4045 766 4127 quod
787 4063 846 4126 per
867 4045 1041 4123 sinistros,
1068 4064 1088 4110 a
1108 4047 1277 4126 sinistris,
1300 4055 1333 4113 et

1286 4200 1302 4249 i
