3248 5392
1288 506 1330 568 65

252 611 401 693 singulos
423 617 565 692 punctos
586 611 724 693 speculi.
742 598 854 676 'Locus
878 621 988 677 autem
1011 615 1149 677 obvians
1171 615 1220 689 ei,
1243 617 1329 677 nihil

254 721 507 803 comprehendit
523 722 564 786 de
579 722 788 802 longitudine
805 723 964 798 laterum,
982 741 1066 803 quae
1083 724 1255 788 continent
1272 743 1330 788 an·

251 829 369 911 pulum
389 831 673 895 reverberationis.
694 833 762 895 Erit
783 848 861 911 ergo
881 832 939 896 hic
960 832 1102 912 angulus
1119 833 1328 903 insensibilis

250 940 449 1016 necessario,
460 958 538 1003 cum
553 940 590 1002 in
607 940 720 1021 aliquo
734 958 802 1004 non
818 941 928 1004 obviat
943 942 1036 1006 radio
1051 942 1110 1021 qui
1124 942 1212 1004 cadit
1225 960 1327 1021 super

253 1047 436 1130 speculum.
459 1049 527 1113 lirit
545 1050 649 1129 igitur
665 1056 698 1113 et
714 1050 867 1131 angulus,
885 1050 944 1131 qui
961 1050 1038 1113 inde
1056 1051 1095 1112 iit
1111 1049 1329 1125 insensibilis,

255 1167 288 1221 et
296 1156 379 1239 quia
389 1164 500 1237 partes
510 1158 681 1221 radiorum
693 1159 785 1223 solae
798 1165 974 1223 remanent
984 1176 1083 1240 super
1093 1159 1213 1223 taciem
1224 1159 1330 1241 ipsius

243 1266 398 1347 'speculi‚
417 1284 496 1333 cum
516 1265 625 1330 facilis
647 1268 691 1330 sit
713 1268 854 1333 scientia
872 1268 1008 1333 habitus
1031 1268 1122 1343 eius,
1141 1287 1257 1332 rursus
1274 1286 1329 1331 co·

253 1376 426 1457 gnoscitur
442 1376 522 1441 inde
538 1376 644 1453 locus,
659 1393 760 1456 quem
778 1377 818 1440 de
835 1376 971 1458 speculo
989 1378 1277 1458 comprehendunt
1293 1377 1330 1440 hi

251 1485 350 1563 radii;
371 1492 406 1549 et
425 1485 585 1567 quoniam
600 1486 786 1567 procedunt
799 1505 820 1550 a
832 1487 909 1551 risu
921 1487 1215 1569 perpendiculares
1229 1505 1329 1567 super

251 1592 438 1675 speculum,
456 1595 566 1663 forma
583 1595 647 1658 erit
668 1596 855 1659 secundum
873 1597 1122 1678 proportionem
1141 1596 1191 1660 rei
1209 1597 1329 1659 consti-

252 1710 344 1767 tutae
355 1704 398 1767 ab
410 1710 546 1785 aspectu
560 1704 620 1785 qui
634 1712 722 1769 recte
734 1706 784 1783 flt3
803 1706 1068 1787 unumquodque
1083 1706 1176 1770 enim
1189 1706 1329 1770 istorum

253 1813 386 1878 videtur
406 1833 508 1896 super
526 1814 836 1895 perpendicularem
854 1817 1029 1879 cadentem
1042 1832 1143 1896 super
1157 1814 1328 1896 pupillam.

252 1922 349 1987 Rodii
360 1923 452 1987 enim
465 1923 526 2004 qni
541 1930 717 1987 transeunt
731 1941 791 2003 per
804 1924 1031 2004 aspicientem,
1044 1930 1077 1987 et
1085 1925 1332 2004 protenduntur

253 2032 297 2097 sd
313 2031 476 2113 pupillam
490 2051 511 2096 a
524 2032 700 2113 principio,
715 2032 813 2095 cuius
829 2032 951 2116 positio
968 2039 1018 2096 est
1035 2032 1126 2095 intua
1141 2049 1240 2113 super
1254 2048 1329 2096 cen-

252 2140 476 2222 trumflgurae
487 2141 689 2222 sphaericae,
699 2141 912 2205 fiuntomnes
921 2141 1211 2222 perpendiculares
1226 2158 1326 2222 super

254 2250 401 2332 pupillae
422 2250 648 2331 superficiem,
672 2247 758 2332 quae
777 2250 917 2331 suscipit
932 2257 1086 2313 naturam
1102 2251 1191 2315 curvi
1203 2249 1331 2331 speculi

255 2377 335 2425 cum
356 2358 465 2439 ligura
485 2365 520 2422 et
539 2359 677 2423 lenitate
699 2378 773 2437 sua3
796 2369 830 2424 et
850 2360 914 2424 hac
935 2360 977 2424 de
999 2377 1099 2423 causa
1121 2359 1188 2440 apti
1212 2377 1330 2421 sumus

255 2468 461 2550 smcipiendi
480 2469 606 2532 formas
627 2487 753 2544 rerum,
774 2472 861 2533 sicut
880 2469 972 2533 visus
993 2469 1189 2548 suscipiunt,
1211 2469 1270 2547 qui
1288 2470 1331 2531 ad

254 2576 400 2643 invicem
416 2585 497 2643 sunt
518 2579 667 2660 oppositi.
695 2579 860 2653 Quoniam
881 2596 959 2671 cum
979 2578 1221 2652 reverberatio,
1243 2595 1329 2657 quae

169 2768 175 2775 ι
252 2686 397 2753 <deberet
415 2688 491 2753 lieri
511 2706 533 2753 a
551 2689 652 2752 rebus
672 2689 824 2752 ridendis
847 2690 889 2751 ad
910 2686 1054 2768 pupillas
1076 2687 1259 2750 secundum
1281 2687 1330 2749 di·

257 2799 440 2865 rectionem
461 2806 497 2863 et
512 2797 756 2879 oppositionem
777 2795 937 2859 translata
956 2796 1000 2859 sit
1020 2794 1063 2859 ad
1085 2793 1235 2875 specula,
1258 2811 1332 2857 con·

253 2914 364 2973 serrat
384 2908 487 2971 situm
508 2907 567 2988 qui
582 2906 684 2975 ¹fieret
704 2925 725 2970 a
746 2905 884 2987 pupillis
905 2905 940 2967 in
963 2905 1046 2986 ipsis
1073 2905 1185 2981 rebus,
1213 2911 1246 2967 et
1271 2905 1334 2965 erit

253 3016 310 3081 hic
323 3017 467 3081 obviatio
481 3015 605 3091 lineae,
617 3033 704 3096 quaa
717 3016 821 3078 avisu
835 3013 986 3096 procedit
999 3032 1079 3077 cum
1094 3013 1210 3077 eodem
1226 3013 1331 3083 radio,

254 3128 313 3209 qui
335 3134 385 3191 est
404 3125 454 3189 ist
474 3126 563 3189 inter
583 3123 745 3207 pupillam
767 3130 800 3186 at
820 3140 893 3187 rem
907 3123 1101 3200 ridendam3
1117 3124 1202 3185 sicut
1215 3122 1333 3185 accidit

254 3236 292 3299 in
312 3236 424 3312 rebus,
448 3254 532 3317 quae
554 3243 712 3315 apparent
732 3234 774 3296 ad
796 3222 939 3296 invicem
957 3232 1138 3314 oppositae,
1155 3248 1230 3293 cum
1249 3229 1334 3292 ceci·

257 3346 345 3409 derit
362 3346 457 3409 viena
478 3361 580 3425 super
601 3342 777 3423 speculum
798 3342 840 3405 ad
861 3349 968 3406 rectos
990 3341 1148 3422 angulos,
1166 3347 1199 3403 et
1218 3339 1335 3402 refrin-

256 3454 345 3535 gitur
363 3455 400 3518 in
420 3472 458 3519 se
479 3454 602 3536 ipsum.
625 3453 693 3514 llrit
714 3452 806 3516 enim
825 3459 928 3515 nutus
943 3450 1045 3526 illius,
1062 3461 1083 3513 a
1100 3467 1166 3530 quo
1183 3449 1222 3511 lit
1237 3466 1335 3530 appa·

256 3564 332 3629 ritio
354 3564 419 3639 rei‚·
435 3581 527 3626 unus
547 3563 584 3625 iu
606 3579 747 3625 numero
771 3568 805 3625 et
825 3560 903 3637 situ,
925 3562 985 3642 qui
1002 3560 1088 3652 situs
1111 3565 1162 3622 est
1182 3557 1253 3634 ille,
1276 3577 1334 3638 per

258 3690 361 3753 qnam
380 3672 418 3735 fit
440 3672 586 3735 directus
609 3689 711 3750 super
731 3670 904 3751 speculum
926 3676 960 3733 et
981 3667 1144 3750 pupillam
1164 3669 1206 3731 ad
1227 3674 1334 3729 rectos

258 3778 415 3861 angulos,
437 3788 469 3844 et
490 3782 553 3844 erit
574 3780 653 3842 inde
680 3786 833 3859 aspectus
855 3779 906 3843 rei
927 3776 1046 3861 duplex
1066 3784 1100 3842 et
1121 3776 1273 3840 diversus
1295 3775 1332 3837 in

258 3890 471 3972 proportione
495 3898 527 3954 et
548 3891 686 3966 virtute,
709 3888 792 3952 alter
809 3889 949 3969 quidem
971 3887 1081 3951 avisu
1099 3887 1140 3949 ad
1157 3902 1229 3950 ram
1248 3901 1333 3963 quae

259 4006 410 4082 apparet,
428 3999 516 4064 alter
537 4018 616 4063 vero
640 4019 658 4060 a
681 4016 716 4061 re
739 4015 824 4076 quae
847 4003 982 4078 apparet
1004 3995 1045 4058 ad
1067 3995 1184 4058 visum.

1287 4134 1303 4185 5
